<?xml version="1.0" encoding="UTF-8"?>
<OAI-PMH xmlns="http://www.openarchives.org/OAI/2.0/" xmlns:xsi="http://www.w3.org/2001/XMLSchema-instance" xsi:schemaLocation="http://www.openarchives.org/OAI/2.0/ http://www.openarchives.org/OAI/2.0/OAI-PMH.xsd">
  <ListRecords>
    <record>
      <header>
        <identifier>aleph-publish:001584494</identifier>
      </header>
      <metadata>
        <record xmlns="http://www.ddb.de/professionell/mabxml/mabxml-1.xsd">
          <leader>00000nM2.01200024------h</leader>
          <controlfield tag="LDR">00000nM2.01200024------h</controlfield>
          <controlfield tag="FMT">MH</controlfield>
          <datafield tag="001" ind1="-" ind2="1">
            <subfield code="a">HT017708265</subfield>
          </datafield>
          <datafield tag="002" ind1="a" ind2="1">
            <subfield code="a">20130716</subfield>
          </datafield>
          <datafield tag="003" ind1="-" ind2="1">
            <subfield code="a">20130902220149</subfield>
          </datafield>
          <datafield tag="020" ind1="a" ind2="1">
            <subfield code="a">2724865-3</subfield>
            <subfield code="b">DNB</subfield>
          </datafield>
          <datafield tag="025" ind1="a" ind2="1">
            <subfield code="a">1037144759</subfield>
          </datafield>
          <datafield tag="025" ind1="z" ind2="1">
            <subfield code="a">2724865-3</subfield>
          </datafield>
          <datafield tag="025" ind1="o" ind2="1">
            <subfield code="a">856829148</subfield>
          </datafield>
          <datafield tag="026" ind1="-" ind2="1">
            <subfield code="a">ZDB2724865-3</subfield>
          </datafield>
          <controlfield tag="030">b|zucz|z|||27</controlfield>
          <datafield tag="036" ind1="a" ind2="1">
            <subfield code="a">XA-DE</subfield>
          </datafield>
          <datafield tag="037" ind1="b" ind2="1">
            <subfield code="a">ger</subfield>
          </datafield>
          <controlfield tag="050">||||||||g|||||</controlfield>
          <controlfield tag="052">p||||||zz||||||</controlfield>
          <controlfield tag="058">cr||||||||||||</controlfield>
          <datafield tag="070" ind1="-" ind2="1">
            <subfield code="a">0385</subfield>
          </datafield>
          <datafield tag="070" ind1="a" ind2="1">
            <subfield code="a">DNB</subfield>
          </datafield>
          <datafield tag="070" ind1="b" ind2="1">
            <subfield code="a">9999</subfield>
          </datafield>
          <datafield tag="078" ind1="z" ind2="1">
            <subfield code="a">lzZDB</subfield>
          </datafield>
          <datafield tag="200" ind1="-" ind2="1">
            <subfield code="k">Deutschland</subfield>
            <subfield code="h">Bundesrepublik</subfield>
            <subfield code="b">Bundesregierung</subfield>
            <subfield code="9">(DE-588)2028808-6</subfield>
          </datafield>
          <datafield tag="204" ind1="b" ind2="1">
            <subfield code="k">Deutschland</subfield>
            <subfield code="h">Bundesrepublik</subfield>
            <subfield code="b">Bundestag</subfield>
            <subfield code="9">(DE-588)2028840-2</subfield>
          </datafield>
          <datafield tag="331" ind1="-" ind2="1">
            <subfield code="a">Bericht der Bundesregierung über die Lage der Familien in der Bundesrepublik Deutschland</subfield>
          </datafield>
          <datafield tag="334" ind1="-" ind2="1">
            <subfield code="a">Elektronische Ressource</subfield>
          </datafield>
          <datafield tag="359" ind1="-" ind2="1">
            <subfield code="a">Der Bundesminister für Familie und Jugend</subfield>
          </datafield>
          <datafield tag="370" ind1="a" ind2="1">
            <subfield code="a">Verhandlungen des Deutschen Bundestages / Anlagen zu den stenographischen Berichten / Bericht der Bundesregierung über die Lage der Familien in der Bundesrepublik Deutschland</subfield>
          </datafield>
          <datafield tag="370" ind1="a" ind2="1">
            <subfield code="a">Bericht über die Lage der Familien in der Bundesrepublik Deutschland</subfield>
          </datafield>
          <datafield tag="370" ind1="a" ind2="1">
            <subfield code="a">Familienbericht</subfield>
          </datafield>
          <datafield tag="370" ind1="a" ind2="1">
            <subfield code="a"/>
          </datafield>
          <datafield tag="405" ind1="-" ind2="1">
            <subfield code="a">1.1968</subfield>
          </datafield>
          <datafield tag="410" ind1="-" ind2="1">
            <subfield code="a">Bad Godesberg</subfield>
          </datafield>
          <datafield tag="412" ind1="-" ind2="1">
            <subfield code="a">Bundesminister</subfield>
          </datafield>
          <datafield tag="425" ind1="b" ind2="1">
            <subfield code="a">1968</subfield>
          </datafield>
          <datafield tag="425" ind1="c" ind2="1">
            <subfield code="a">1968</subfield>
          </datafield>
          <datafield tag="505" ind1="-" ind2="1">
            <subfield code="p">Nebent.</subfield>
            <subfield code="a"> Bericht über die Lage der Familien in der Bundesrepublik Deutschland. - Familienbericht</subfield>
          </datafield>
          <datafield tag="507" ind1="-" ind2="1">
            <subfield code="a"> . - Gesehen am 16.07.2013</subfield>
          </datafield>
          <datafield tag="527" ind1="z" ind2="1">
            <subfield code="p">Druckausg. ---&gt;</subfield>
            <subfield code="a">Familienbericht</subfield>
            <subfield code="9">HT002191990</subfield>
          </datafield>
          <datafield tag="527" ind1="z" ind2="1">
            <subfield code="p">CD-ROM-Ausg. ---&gt;</subfield>
            <subfield code="a">Familienberichte der Bundesregierung</subfield>
            <subfield code="9">HT017325203</subfield>
          </datafield>
          <datafield tag="533" ind1="z" ind2="1">
            <subfield code="p">Forts. ---&gt;</subfield>
            <subfield code="a">Familienbericht</subfield>
            <subfield code="9">HT017708256</subfield>
          </datafield>
          <datafield tag="534" ind1="z" ind2="1">
            <subfield code="p">1=5,2532 von</subfield>
            <subfield code="a">Deutschland &lt;Bundesrepublik&gt; / Bundestag: Verhandlungen des Deutschen Bundestages / Anlagen zu den stenographischen Berichten</subfield>
            <subfield code="9">HT001359680</subfield>
          </datafield>
          <datafield tag="652" ind1="a" ind2="1">
            <subfield code="a">Online-Ressource</subfield>
          </datafield>
          <datafield tag="653" ind1="-" ind2="1">
            <subfield code="a">Online-Ressource</subfield>
          </datafield>
          <datafield tag="655" ind1="e" ind2="1">
            <subfield code="u">http://www.bildungsserver.de/Familienberichte-2089.html</subfield>
            <subfield code="x">Verlag</subfield>
            <subfield code="z">kostenfrei</subfield>
          </datafield>
          <datafield tag="700" ind1="-" ind2="1">
            <subfield code="a">310</subfield>
            <subfield code="a">ZDB</subfield>
          </datafield>
          <datafield tag="700" ind1="-" ind2="1">
            <subfield code="a">330</subfield>
            <subfield code="a">ZDB</subfield>
          </datafield>
          <datafield tag="700" ind1="-" ind2="1">
            <subfield code="a">360</subfield>
            <subfield code="a">ZDB</subfield>
          </datafield>
          <datafield tag="700" ind1="-" ind2="1">
            <subfield code="a">300</subfield>
            <subfield code="a">ZDB</subfield>
          </datafield>
          <controlfield tag="SYS">001584494</controlfield>
          <datafield tag="406" ind1="a" ind2="1">
            <subfield code="j">1968</subfield>
          </datafield>
          <datafield tag="GKZ" ind1="-" ind2="1">
            <subfield code="a">KF</subfield>
          </datafield>
          <datafield tag="PKO" ind1="-" ind2="1">
            <subfield code="k">Governo Federale</subfield>
            <subfield code="h">Deutschland, Bundesrepublik</subfield>
            <subfield code="9">(DE-588)2028808-6</subfield>
          </datafield>
          <datafield tag="PKO" ind1="-" ind2="1">
            <subfield code="k">Deutschland</subfield>
            <subfield code="h">Bundesrepublik</subfield>
            <subfield code="b">Gouvernement</subfield>
            <subfield code="9">(DE-588)2028808-6</subfield>
          </datafield>
          <datafield tag="PKO" ind1="-" ind2="1">
            <subfield code="k">Deutschland</subfield>
            <subfield code="h">Bundesrepublik</subfield>
            <subfield code="b">Gobierno</subfield>
            <subfield code="9">(DE-588)2028808-6</subfield>
          </datafield>
          <datafield tag="PKO" ind1="-" ind2="1">
            <subfield code="k">Deutschland</subfield>
            <subfield code="h">Bundesrepublik</subfield>
            <subfield code="b">&lt;&lt;al- &gt;&gt;Ḥūkūma al-Ittiḥādīya</subfield>
            <subfield code="9">(DE-588)2028808-6</subfield>
          </datafield>
          <datafield tag="PKO" ind1="-" ind2="1">
            <subfield code="k">Deutschland</subfield>
            <subfield code="h">Bundesrepublik</subfield>
            <subfield code="b">Kabinett Kiesinger</subfield>
            <subfield code="9">(DE-588)2028808-6</subfield>
          </datafield>
          <datafield tag="PKO" ind1="-" ind2="1">
            <subfield code="k">Deutschland</subfield>
            <subfield code="h">Bundesrepublik</subfield>
            <subfield code="b">Government</subfield>
            <subfield code="9">(DE-588)2028808-6</subfield>
          </datafield>
          <datafield tag="PKO" ind1="-" ind2="1">
            <subfield code="k">Deutschland</subfield>
            <subfield code="h">Bundesrepublik</subfield>
            <subfield code="b">Governo</subfield>
            <subfield code="9">(DE-588)2028808-6</subfield>
          </datafield>
          <datafield tag="PKO" ind1="-" ind2="1">
            <subfield code="k">Deutschland</subfield>
            <subfield code="h">Bundesrepublik</subfield>
            <subfield code="b">Chancellor</subfield>
            <subfield code="9">(DE-588)2028808-6</subfield>
          </datafield>
          <datafield tag="PKO" ind1="-" ind2="1">
            <subfield code="k">Bundesregierung</subfield>
            <subfield code="h">Deutschland, Bundesrepublik</subfield>
            <subfield code="9">(DE-588)2028808-6</subfield>
          </datafield>
          <datafield tag="PKO" ind1="-" ind2="1">
            <subfield code="k">Gouvernement</subfield>
            <subfield code="h">Deutschland, Bundesrepublik</subfield>
            <subfield code="9">(DE-588)2028808-6</subfield>
          </datafield>
          <datafield tag="PKO" ind1="-" ind2="1">
            <subfield code="k">Gobierno</subfield>
            <subfield code="h">Deutschland, Bundesrepublik</subfield>
            <subfield code="9">(DE-588)2028808-6</subfield>
          </datafield>
          <datafield tag="PKO" ind1="-" ind2="1">
            <subfield code="k">&lt;&lt;al-&gt;&gt; Ḥūkūma al-Ittiḥādīya</subfield>
            <subfield code="h">Deutschland, Bundesrepublik</subfield>
            <subfield code="9">(DE-588)2028808-6</subfield>
          </datafield>
          <datafield tag="PKO" ind1="-" ind2="1">
            <subfield code="k">Kabinett Kiesinger</subfield>
            <subfield code="h">Deutschland, Bundesrepublik</subfield>
            <subfield code="9">(DE-588)2028808-6</subfield>
          </datafield>
          <datafield tag="PKO" ind1="-" ind2="1">
            <subfield code="k">Federal Government</subfield>
            <subfield code="h">Deutschland, Bundesrepublik</subfield>
            <subfield code="9">(DE-588)2028808-6</subfield>
          </datafield>
          <datafield tag="PKO" ind1="-" ind2="1">
            <subfield code="k">Governo</subfield>
            <subfield code="h">Deutschland, Bundesrepublik</subfield>
            <subfield code="9">(DE-588)2028808-6</subfield>
          </datafield>
          <datafield tag="PKO" ind1="-" ind2="1">
            <subfield code="k">Federal Chancellor</subfield>
            <subfield code="h">Deutschland, Bundesrepublik</subfield>
            <subfield code="9">(DE-588)2028808-6</subfield>
          </datafield>
          <datafield tag="PKO" ind1="-" ind2="1">
            <subfield code="k">Chancellor</subfield>
            <subfield code="h">Deutschland, Bundesrepublik</subfield>
            <subfield code="9">(DE-588)2028808-6</subfield>
          </datafield>
          <datafield tag="PKO" ind1="-" ind2="1">
            <subfield code="k">Governo Federale</subfield>
            <subfield code="h">Deutschland, Bundesrepublik</subfield>
            <subfield code="9">(DE-588)2028808-6</subfield>
          </datafield>
          <datafield tag="PKO" ind1="-" ind2="1">
            <subfield code="k">Deutschland</subfield>
            <subfield code="h">Bundesrepublik</subfield>
            <subfield code="b">Gouvernement</subfield>
            <subfield code="9">(DE-588)2028808-6</subfield>
          </datafield>
          <datafield tag="PKO" ind1="-" ind2="1">
            <subfield code="k">Deutschland</subfield>
            <subfield code="h">Bundesrepublik</subfield>
            <subfield code="b">Gobierno</subfield>
            <subfield code="9">(DE-588)2028808-6</subfield>
          </datafield>
          <datafield tag="PKO" ind1="-" ind2="1">
            <subfield code="k">Deutschland</subfield>
            <subfield code="h">Bundesrepublik</subfield>
            <subfield code="b">&lt;&lt;al- &gt;&gt;Ḥūkūma al-Ittiḥādīya</subfield>
            <subfield code="9">(DE-588)2028808-6</subfield>
          </datafield>
          <datafield tag="PKO" ind1="-" ind2="1">
            <subfield code="k">Deutschland</subfield>
            <subfield code="h">Bundesrepublik</subfield>
            <subfield code="b">Kabinett Kiesinger</subfield>
            <subfield code="9">(DE-588)2028808-6</subfield>
          </datafield>
          <datafield tag="PKO" ind1="-" ind2="1">
            <subfield code="k">Deutschland</subfield>
            <subfield code="h">Bundesrepublik</subfield>
            <subfield code="b">Government</subfield>
            <subfield code="9">(DE-588)2028808-6</subfield>
          </datafield>
          <datafield tag="PKO" ind1="-" ind2="1">
            <subfield code="k">Deutschland</subfield>
            <subfield code="h">Bundesrepublik</subfield>
            <subfield code="b">Governo</subfield>
            <subfield code="9">(DE-588)2028808-6</subfield>
          </datafield>
          <datafield tag="PKO" ind1="-" ind2="1">
            <subfield code="k">Deutschland</subfield>
            <subfield code="h">Bundesrepublik</subfield>
            <subfield code="b">Chancellor</subfield>
            <subfield code="9">(DE-588)2028808-6</subfield>
          </datafield>
          <datafield tag="PKO" ind1="-" ind2="1">
            <subfield code="k">Bundesregierung</subfield>
            <subfield code="h">Deutschland, Bundesrepublik</subfield>
            <subfield code="9">(DE-588)2028808-6</subfield>
          </datafield>
          <datafield tag="PKO" ind1="-" ind2="1">
            <subfield code="k">Gouvernement</subfield>
            <subfield code="h">Deutschland, Bundesrepublik</subfield>
            <subfield code="9">(DE-588)2028808-6</subfield>
          </datafield>
          <datafield tag="PKO" ind1="-" ind2="1">
            <subfield code="k">Gobierno</subfield>
            <subfield code="h">Deutschland, Bundesrepublik</subfield>
            <subfield code="9">(DE-588)2028808-6</subfield>
          </datafield>
          <datafield tag="PKO" ind1="-" ind2="1">
            <subfield code="k">&lt;&lt;al-&gt;&gt; Ḥūkūma al-Ittiḥādīya</subfield>
            <subfield code="h">Deutschland, Bundesrepublik</subfield>
            <subfield code="9">(DE-588)2028808-6</subfield>
          </datafield>
          <datafield tag="PKO" ind1="-" ind2="1">
            <subfield code="k">Kabinett Kiesinger</subfield>
            <subfield code="h">Deutschland, Bundesrepublik</subfield>
            <subfield code="9">(DE-588)2028808-6</subfield>
          </datafield>
          <datafield tag="PKO" ind1="-" ind2="1">
            <subfield code="k">Federal Government</subfield>
            <subfield code="h">Deutschland, Bundesrepublik</subfield>
            <subfield code="9">(DE-588)2028808-6</subfield>
          </datafield>
          <datafield tag="PKO" ind1="-" ind2="1">
            <subfield code="k">Governo</subfield>
            <subfield code="h">Deutschland, Bundesrepublik</subfield>
            <subfield code="9">(DE-588)2028808-6</subfield>
          </datafield>
          <datafield tag="PKO" ind1="-" ind2="1">
            <subfield code="k">Federal Chancellor</subfield>
            <subfield code="h">Deutschland, Bundesrepublik</subfield>
            <subfield code="9">(DE-588)2028808-6</subfield>
          </datafield>
          <datafield tag="PKO" ind1="-" ind2="1">
            <subfield code="k">Chancellor</subfield>
            <subfield code="h">Deutschland, Bundesrepublik</subfield>
            <subfield code="9">(DE-588)2028808-6</subfield>
          </datafield>
          <datafield tag="PKO" ind1="-" ind2="1">
            <subfield code="k">Deutschland</subfield>
            <subfield code="h">Bundesrepublik</subfield>
            <subfield code="b">Bundestag</subfield>
            <subfield code="b">Presse- und Informationszentrum</subfield>
            <subfield code="9">(DE-588)2028840-2</subfield>
          </datafield>
          <datafield tag="PKO" ind1="-" ind2="1">
            <subfield code="k">Deutschland</subfield>
            <subfield code="h">Bundesrepublik</subfield>
            <subfield code="b">Bundestag</subfield>
            <subfield code="b">Abteilung Wissenschaftliche Dokumentation</subfield>
            <subfield code="9">(DE-588)2028840-2</subfield>
          </datafield>
          <datafield tag="PKO" ind1="-" ind2="1">
            <subfield code="k">Deutschland</subfield>
            <subfield code="h">Bundesrepublik</subfield>
            <subfield code="b">Bundestag</subfield>
            <subfield code="b">Wissenschaftliche Abteilung</subfield>
            <subfield code="9">(DE-588)2028840-2</subfield>
          </datafield>
          <datafield tag="PKO" ind1="-" ind2="1">
            <subfield code="k">&lt;&lt;Der&gt;&gt; Deutsche Bundestag</subfield>
            <subfield code="9">(DE-588)2028840-2</subfield>
          </datafield>
          <datafield tag="PKO" ind1="-" ind2="1">
            <subfield code="k">Deutscher Bundestag</subfield>
            <subfield code="h">Deutschland, Bundesrepublik</subfield>
            <subfield code="9">(DE-588)2028840-2</subfield>
          </datafield>
          <datafield tag="PKO" ind1="-" ind2="1">
            <subfield code="k">Bundestag</subfield>
            <subfield code="h">Deutschland, Bundesrepublik</subfield>
            <subfield code="9">(DE-588)2028840-2</subfield>
          </datafield>
          <datafield tag="PKO" ind1="-" ind2="1">
            <subfield code="k">Deutschland</subfield>
            <subfield code="h">Bundesrepublik</subfield>
            <subfield code="b">Bundestag</subfield>
            <subfield code="b">Gruppe Datenverarbeitung</subfield>
            <subfield code="9">(DE-588)2028840-2</subfield>
          </datafield>
          <datafield tag="PKO" ind1="-" ind2="1">
            <subfield code="k">Deutschland</subfield>
            <subfield code="h">Bundesrepublik</subfield>
            <subfield code="b">Bundestag</subfield>
            <subfield code="b">Referat Öffentlichkeitsarbeit</subfield>
            <subfield code="9">(DE-588)2028840-2</subfield>
          </datafield>
          <datafield tag="PKO" ind1="-" ind2="1">
            <subfield code="k">Deutschland</subfield>
            <subfield code="h">Bundesrepublik</subfield>
            <subfield code="b">Parlament</subfield>
            <subfield code="9">(DE-588)2028840-2</subfield>
          </datafield>
          <datafield tag="PKO" ind1="-" ind2="1">
            <subfield code="k">Parlament</subfield>
            <subfield code="h">Deutschland, Bundesrepublik</subfield>
            <subfield code="9">(DE-588)2028840-2</subfield>
          </datafield>
          <datafield tag="PKO" ind1="-" ind2="1">
            <subfield code="k">Presse- und Informationszentrum</subfield>
            <subfield code="h">Deutschland, Bundesrepublik, Bundestag</subfield>
            <subfield code="9">(DE-588)2028840-2</subfield>
          </datafield>
          <datafield tag="PKO" ind1="-" ind2="1">
            <subfield code="k">Deutschland</subfield>
            <subfield code="h">Bundesrepublik</subfield>
            <subfield code="b">Bundestag</subfield>
            <subfield code="b">Verwaltung</subfield>
            <subfield code="9">(DE-588)2028840-2</subfield>
          </datafield>
          <datafield tag="PKO" ind1="-" ind2="1">
            <subfield code="k">Gruppe Datenverarbeitung</subfield>
            <subfield code="h">Deutschland, Bundesrepublik, Bundestag</subfield>
            <subfield code="9">(DE-588)2028840-2</subfield>
          </datafield>
          <datafield tag="PKO" ind1="-" ind2="1">
            <subfield code="k">Deutschland</subfield>
            <subfield code="h">Bundesrepublik</subfield>
            <subfield code="b">Bundestag</subfield>
            <subfield code="b">Wissenschaftliche Dienste</subfield>
            <subfield code="9">(DE-588)2028840-2</subfield>
          </datafield>
          <datafield tag="PKO" ind1="-" ind2="1">
            <subfield code="k">Deutschland</subfield>
            <subfield code="h">Bundesrepublik</subfield>
            <subfield code="b">Bundestag</subfield>
            <subfield code="b">Referat Pressedokumentation</subfield>
            <subfield code="9">(DE-588)2028840-2</subfield>
          </datafield>
          <datafield tag="PKO" ind1="-" ind2="1">
            <subfield code="k">Deutschland</subfield>
            <subfield code="h">Bundesrepublik</subfield>
            <subfield code="b">Bundestag</subfield>
            <subfield code="b">Präsidentin</subfield>
            <subfield code="9">(DE-588)2028840-2</subfield>
          </datafield>
          <datafield tag="PKO" ind1="-" ind2="1">
            <subfield code="k">Deutschland</subfield>
            <subfield code="h">Bundesrepublik</subfield>
            <subfield code="b">Bundestag</subfield>
            <subfield code="b">Referat Zeitgeschichte und Allgemeine Politik</subfield>
            <subfield code="9">(DE-588)2028840-2</subfield>
          </datafield>
          <datafield tag="PKO" ind1="-" ind2="1">
            <subfield code="k">Wissenschaftliche Dienste</subfield>
            <subfield code="h">Deutschland, Bundesrepublik, Bundestag</subfield>
            <subfield code="9">(DE-588)2028840-2</subfield>
          </datafield>
          <datafield tag="PKO" ind1="-" ind2="1">
            <subfield code="k">Deutschland</subfield>
            <subfield code="h">Bundesrepublik</subfield>
            <subfield code="b">Bundestag</subfield>
            <subfield code="b">Hauptabteilung Wissenschaftliche Dienste</subfield>
            <subfield code="9">(DE-588)2028840-2</subfield>
          </datafield>
          <datafield tag="PKO" ind1="-" ind2="1">
            <subfield code="k">German Bundestag</subfield>
            <subfield code="h">Deutschland, Bundesrepublik</subfield>
            <subfield code="9">(DE-588)2028840-2</subfield>
          </datafield>
          <datafield tag="PKO" ind1="-" ind2="1">
            <subfield code="k">Bundestag Alemàn</subfield>
            <subfield code="h">Deutschland, Bundesrepublik</subfield>
            <subfield code="9">(DE-588)2028840-2</subfield>
          </datafield>
          <datafield tag="PKO" ind1="-" ind2="1">
            <subfield code="k">Deutschland</subfield>
            <subfield code="h">Bundesrepublik</subfield>
            <subfield code="b">Bundestag</subfield>
            <subfield code="b">Pressezentrum</subfield>
            <subfield code="9">(DE-588)2028840-2</subfield>
          </datafield>
          <datafield tag="PKO" ind1="-" ind2="1">
            <subfield code="k">Pressezentrum</subfield>
            <subfield code="h">Deutschland, Bundesrepublik, Bundestag</subfield>
            <subfield code="9">(DE-588)2028840-2</subfield>
          </datafield>
          <datafield tag="PKO" ind1="-" ind2="1">
            <subfield code="k">Deutschland</subfield>
            <subfield code="h">Bundesrepublik</subfield>
            <subfield code="b">Bundestag</subfield>
            <subfield code="b">Referat Interparlamentarische Angelegenheiten</subfield>
            <subfield code="9">(DE-588)2028840-2</subfield>
          </datafield>
          <datafield tag="PKO" ind1="-" ind2="1">
            <subfield code="k">Präsidentin</subfield>
            <subfield code="h">Deutschland, Bundesrepublik, Bundestag</subfield>
            <subfield code="9">(DE-588)2028840-2</subfield>
          </datafield>
          <datafield tag="PKO" ind1="-" ind2="1">
            <subfield code="k">Deutschland</subfield>
            <subfield code="h">Bundesrepublik</subfield>
            <subfield code="b">Bundestag</subfield>
            <subfield code="b">Press and Information Centre</subfield>
            <subfield code="9">(DE-588)2028840-2</subfield>
          </datafield>
          <datafield tag="PKO" ind1="-" ind2="1">
            <subfield code="k">Press and Information Centre</subfield>
            <subfield code="h">Deutschland, Bundesrepublik, Bundestag</subfield>
            <subfield code="9">(DE-588)2028840-2</subfield>
          </datafield>
          <datafield tag="PKO" ind1="-" ind2="1">
            <subfield code="k">Deutschland</subfield>
            <subfield code="h">Bundesrepublik</subfield>
            <subfield code="b">Bundestag</subfield>
            <subfield code="b">Centre de Presse et d'Information</subfield>
            <subfield code="9">(DE-588)2028840-2</subfield>
          </datafield>
          <datafield tag="PKO" ind1="-" ind2="1">
            <subfield code="k">Centre de Presse et d'Information</subfield>
            <subfield code="h">Deutschland, Bundesrepublik, Bundestag</subfield>
            <subfield code="9">(DE-588)2028840-2</subfield>
          </datafield>
          <datafield tag="PKO" ind1="-" ind2="1">
            <subfield code="k">Deutschland</subfield>
            <subfield code="h">Bundesrepublik</subfield>
            <subfield code="b">Bundestag</subfield>
            <subfield code="b">Centro de Prensa e Información</subfield>
            <subfield code="9">(DE-588)2028840-2</subfield>
          </datafield>
          <datafield tag="PKO" ind1="-" ind2="1">
            <subfield code="k">Centro de Prensa e Información</subfield>
            <subfield code="h">Deutschland, Bundesrepublik, Bundestag</subfield>
            <subfield code="9">(DE-588)2028840-2</subfield>
          </datafield>
          <datafield tag="PKO" ind1="-" ind2="1">
            <subfield code="k">Deutschland</subfield>
            <subfield code="h">Bundesrepublik</subfield>
            <subfield code="b">Bundestag</subfield>
            <subfield code="b">Public Relations Section</subfield>
            <subfield code="9">(DE-588)2028840-2</subfield>
          </datafield>
          <datafield tag="PKO" ind1="-" ind2="1">
            <subfield code="k">Deutschland</subfield>
            <subfield code="h">Bundesrepublik</subfield>
            <subfield code="b">Bundestag</subfield>
            <subfield code="b">Bureau des Relations Publiques</subfield>
            <subfield code="9">(DE-588)2028840-2</subfield>
          </datafield>
          <datafield tag="PKO" ind1="-" ind2="1">
            <subfield code="k">Deutschland</subfield>
            <subfield code="h">Bundesrepublik</subfield>
            <subfield code="b">Bundestag</subfield>
            <subfield code="b">Presse- und Informationszentrum</subfield>
            <subfield code="9">(DE-588)2028840-2</subfield>
          </datafield>
          <datafield tag="PKO" ind1="-" ind2="1">
            <subfield code="k">Deutschland</subfield>
            <subfield code="h">Bundesrepublik</subfield>
            <subfield code="b">Bundestag</subfield>
            <subfield code="b">Abteilung Wissenschaftliche Dokumentation</subfield>
            <subfield code="9">(DE-588)2028840-2</subfield>
          </datafield>
          <datafield tag="PKO" ind1="-" ind2="1">
            <subfield code="k">Deutschland</subfield>
            <subfield code="h">Bundesrepublik</subfield>
            <subfield code="b">Bundestag</subfield>
            <subfield code="b">Wissenschaftliche Abteilung</subfield>
            <subfield code="9">(DE-588)2028840-2</subfield>
          </datafield>
          <datafield tag="PKO" ind1="-" ind2="1">
            <subfield code="k">&lt;&lt;Der&gt;&gt; Deutsche Bundestag</subfield>
            <subfield code="9">(DE-588)2028840-2</subfield>
          </datafield>
          <datafield tag="PKO" ind1="-" ind2="1">
            <subfield code="k">Deutscher Bundestag</subfield>
            <subfield code="h">Deutschland, Bundesrepublik</subfield>
            <subfield code="9">(DE-588)2028840-2</subfield>
          </datafield>
          <datafield tag="PKO" ind1="-" ind2="1">
            <subfield code="k">Bundestag</subfield>
            <subfield code="h">Deutschland, Bundesrepublik</subfield>
            <subfield code="9">(DE-588)2028840-2</subfield>
          </datafield>
          <datafield tag="PKO" ind1="-" ind2="1">
            <subfield code="k">Deutschland</subfield>
            <subfield code="h">Bundesrepublik</subfield>
            <subfield code="b">Bundestag</subfield>
            <subfield code="b">Gruppe Datenverarbeitung</subfield>
            <subfield code="9">(DE-588)2028840-2</subfield>
          </datafield>
          <datafield tag="PKO" ind1="-" ind2="1">
            <subfield code="k">Deutschland</subfield>
            <subfield code="h">Bundesrepublik</subfield>
            <subfield code="b">Bundestag</subfield>
            <subfield code="b">Referat Öffentlichkeitsarbeit</subfield>
            <subfield code="9">(DE-588)2028840-2</subfield>
          </datafield>
          <datafield tag="PKO" ind1="-" ind2="1">
            <subfield code="k">Deutschland</subfield>
            <subfield code="h">Bundesrepublik</subfield>
            <subfield code="b">Parlament</subfield>
            <subfield code="9">(DE-588)2028840-2</subfield>
          </datafield>
          <datafield tag="PKO" ind1="-" ind2="1">
            <subfield code="k">Parlament</subfield>
            <subfield code="h">Deutschland, Bundesrepublik</subfield>
            <subfield code="9">(DE-588)2028840-2</subfield>
          </datafield>
          <datafield tag="PKO" ind1="-" ind2="1">
            <subfield code="k">Presse- und Informationszentrum</subfield>
            <subfield code="h">Deutschland, Bundesrepublik, Bundestag</subfield>
            <subfield code="9">(DE-588)2028840-2</subfield>
          </datafield>
          <datafield tag="PKO" ind1="-" ind2="1">
            <subfield code="k">Deutschland</subfield>
            <subfield code="h">Bundesrepublik</subfield>
            <subfield code="b">Bundestag</subfield>
            <subfield code="b">Verwaltung</subfield>
            <subfield code="9">(DE-588)2028840-2</subfield>
          </datafield>
          <datafield tag="PKO" ind1="-" ind2="1">
            <subfield code="k">Gruppe Datenverarbeitung</subfield>
            <subfield code="h">Deutschland, Bundesrepublik, Bundestag</subfield>
            <subfield code="9">(DE-588)2028840-2</subfield>
          </datafield>
          <datafield tag="PKO" ind1="-" ind2="1">
            <subfield code="k">Deutschland</subfield>
            <subfield code="h">Bundesrepublik</subfield>
            <subfield code="b">Bundestag</subfield>
            <subfield code="b">Wissenschaftliche Dienste</subfield>
            <subfield code="9">(DE-588)2028840-2</subfield>
          </datafield>
          <datafield tag="PKO" ind1="-" ind2="1">
            <subfield code="k">Deutschland</subfield>
            <subfield code="h">Bundesrepublik</subfield>
            <subfield code="b">Bundestag</subfield>
            <subfield code="b">Referat Pressedokumentation</subfield>
            <subfield code="9">(DE-588)2028840-2</subfield>
          </datafield>
          <datafield tag="PKO" ind1="-" ind2="1">
            <subfield code="k">Deutschland</subfield>
            <subfield code="h">Bundesrepublik</subfield>
            <subfield code="b">Bundestag</subfield>
            <subfield code="b">Präsidentin</subfield>
            <subfield code="9">(DE-588)2028840-2</subfield>
          </datafield>
          <datafield tag="PKO" ind1="-" ind2="1">
            <subfield code="k">Deutschland</subfield>
            <subfield code="h">Bundesrepublik</subfield>
            <subfield code="b">Bundestag</subfield>
            <subfield code="b">Referat Zeitgeschichte und Allgemeine Politik</subfield>
            <subfield code="9">(DE-588)2028840-2</subfield>
          </datafield>
          <datafield tag="PKO" ind1="-" ind2="1">
            <subfield code="k">Wissenschaftliche Dienste</subfield>
            <subfield code="h">Deutschland, Bundesrepublik, Bundestag</subfield>
            <subfield code="9">(DE-588)2028840-2</subfield>
          </datafield>
          <datafield tag="PKO" ind1="-" ind2="1">
            <subfield code="k">Deutschland</subfield>
            <subfield code="h">Bundesrepublik</subfield>
            <subfield code="b">Bundestag</subfield>
            <subfield code="b">Hauptabteilung Wissenschaftliche Dienste</subfield>
            <subfield code="9">(DE-588)2028840-2</subfield>
          </datafield>
          <datafield tag="PKO" ind1="-" ind2="1">
            <subfield code="k">German Bundestag</subfield>
            <subfield code="h">Deutschland, Bundesrepublik</subfield>
            <subfield code="9">(DE-588)2028840-2</subfield>
          </datafield>
          <datafield tag="PKO" ind1="-" ind2="1">
            <subfield code="k">Bundestag Alemàn</subfield>
            <subfield code="h">Deutschland, Bundesrepublik</subfield>
            <subfield code="9">(DE-588)2028840-2</subfield>
          </datafield>
          <datafield tag="PKO" ind1="-" ind2="1">
            <subfield code="k">Deutschland</subfield>
            <subfield code="h">Bundesrepublik</subfield>
            <subfield code="b">Bundestag</subfield>
            <subfield code="b">Pressezentrum</subfield>
            <subfield code="9">(DE-588)2028840-2</subfield>
          </datafield>
          <datafield tag="PKO" ind1="-" ind2="1">
            <subfield code="k">Pressezentrum</subfield>
            <subfield code="h">Deutschland, Bundesrepublik, Bundestag</subfield>
            <subfield code="9">(DE-588)2028840-2</subfield>
          </datafield>
          <datafield tag="PKO" ind1="-" ind2="1">
            <subfield code="k">Deutschland</subfield>
            <subfield code="h">Bundesrepublik</subfield>
            <subfield code="b">Bundestag</subfield>
            <subfield code="b">Referat Interparlamentarische Angelegenheiten</subfield>
            <subfield code="9">(DE-588)2028840-2</subfield>
          </datafield>
          <datafield tag="PKO" ind1="-" ind2="1">
            <subfield code="k">Präsidentin</subfield>
            <subfield code="h">Deutschland, Bundesrepublik, Bundestag</subfield>
            <subfield code="9">(DE-588)2028840-2</subfield>
          </datafield>
          <datafield tag="PKO" ind1="-" ind2="1">
            <subfield code="k">Deutschland</subfield>
            <subfield code="h">Bundesrepublik</subfield>
            <subfield code="b">Bundestag</subfield>
            <subfield code="b">Press and Information Centre</subfield>
            <subfield code="9">(DE-588)2028840-2</subfield>
          </datafield>
          <datafield tag="PKO" ind1="-" ind2="1">
            <subfield code="k">Press and Information Centre</subfield>
            <subfield code="h">Deutschland, Bundesrepublik, Bundestag</subfield>
            <subfield code="9">(DE-588)2028840-2</subfield>
          </datafield>
          <datafield tag="PKO" ind1="-" ind2="1">
            <subfield code="k">Deutschland</subfield>
            <subfield code="h">Bundesrepublik</subfield>
            <subfield code="b">Bundestag</subfield>
            <subfield code="b">Centre de Presse et d'Information</subfield>
            <subfield code="9">(DE-588)2028840-2</subfield>
          </datafield>
          <datafield tag="PKO" ind1="-" ind2="1">
            <subfield code="k">Centre de Presse et d'Information</subfield>
            <subfield code="h">Deutschland, Bundesrepublik, Bundestag</subfield>
            <subfield code="9">(DE-588)2028840-2</subfield>
          </datafield>
          <datafield tag="PKO" ind1="-" ind2="1">
            <subfield code="k">Deutschland</subfield>
            <subfield code="h">Bundesrepublik</subfield>
            <subfield code="b">Bundestag</subfield>
            <subfield code="b">Centro de Prensa e Información</subfield>
            <subfield code="9">(DE-588)2028840-2</subfield>
          </datafield>
          <datafield tag="PKO" ind1="-" ind2="1">
            <subfield code="k">Centro de Prensa e Información</subfield>
            <subfield code="h">Deutschland, Bundesrepublik, Bundestag</subfield>
            <subfield code="9">(DE-588)2028840-2</subfield>
          </datafield>
          <datafield tag="PKO" ind1="-" ind2="1">
            <subfield code="k">Deutschland</subfield>
            <subfield code="h">Bundesrepublik</subfield>
            <subfield code="b">Bundestag</subfield>
            <subfield code="b">Public Relations Section</subfield>
            <subfield code="9">(DE-588)2028840-2</subfield>
          </datafield>
          <datafield tag="PKO" ind1="-" ind2="1">
            <subfield code="k">Deutschland</subfield>
            <subfield code="h">Bundesrepublik</subfield>
            <subfield code="b">Bundestag</subfield>
            <subfield code="b">Bureau des Relations Publiques</subfield>
            <subfield code="9">(DE-588)2028840-2</subfield>
          </datafield>
          <datafield tag="PKO" ind1="-" ind2="1">
            <subfield code="k">Governo Federale</subfield>
            <subfield code="h">Deutschland, Bundesrepublik</subfield>
            <subfield code="9">(DE-588)2028808-6</subfield>
          </datafield>
          <datafield tag="PKO" ind1="-" ind2="1">
            <subfield code="k">Deutschland</subfield>
            <subfield code="h">Bundesrepublik</subfield>
            <subfield code="b">Gouvernement</subfield>
            <subfield code="9">(DE-588)2028808-6</subfield>
          </datafield>
          <datafield tag="PKO" ind1="-" ind2="1">
            <subfield code="k">Deutschland</subfield>
            <subfield code="h">Bundesrepublik</subfield>
            <subfield code="b">Gobierno</subfield>
            <subfield code="9">(DE-588)2028808-6</subfield>
          </datafield>
          <datafield tag="PKO" ind1="-" ind2="1">
            <subfield code="k">Deutschland</subfield>
            <subfield code="h">Bundesrepublik</subfield>
            <subfield code="b">&lt;&lt;al- &gt;&gt;Ḥūkūma al-Ittiḥādīya</subfield>
            <subfield code="9">(DE-588)2028808-6</subfield>
          </datafield>
          <datafield tag="PKO" ind1="-" ind2="1">
            <subfield code="k">Deutschland</subfield>
            <subfield code="h">Bundesrepublik</subfield>
            <subfield code="b">Kabinett Kiesinger</subfield>
            <subfield code="9">(DE-588)2028808-6</subfield>
          </datafield>
          <datafield tag="PKO" ind1="-" ind2="1">
            <subfield code="k">Deutschland</subfield>
            <subfield code="h">Bundesrepublik</subfield>
            <subfield code="b">Government</subfield>
            <subfield code="9">(DE-588)2028808-6</subfield>
          </datafield>
          <datafield tag="PKO" ind1="-" ind2="1">
            <subfield code="k">Deutschland</subfield>
            <subfield code="h">Bundesrepublik</subfield>
            <subfield code="b">Governo</subfield>
            <subfield code="9">(DE-588)2028808-6</subfield>
          </datafield>
          <datafield tag="PKO" ind1="-" ind2="1">
            <subfield code="k">Deutschland</subfield>
            <subfield code="h">Bundesrepublik</subfield>
            <subfield code="b">Chancellor</subfield>
            <subfield code="9">(DE-588)2028808-6</subfield>
          </datafield>
          <datafield tag="PKO" ind1="-" ind2="1">
            <subfield code="k">Bundesregierung</subfield>
            <subfield code="h">Deutschland, Bundesrepublik</subfield>
            <subfield code="9">(DE-588)2028808-6</subfield>
          </datafield>
          <datafield tag="PKO" ind1="-" ind2="1">
            <subfield code="k">Gouvernement</subfield>
            <subfield code="h">Deutschland, Bundesrepublik</subfield>
            <subfield code="9">(DE-588)2028808-6</subfield>
          </datafield>
          <datafield tag="PKO" ind1="-" ind2="1">
            <subfield code="k">Gobierno</subfield>
            <subfield code="h">Deutschland, Bundesrepublik</subfield>
            <subfield code="9">(DE-588)2028808-6</subfield>
          </datafield>
          <datafield tag="PKO" ind1="-" ind2="1">
            <subfield code="k">&lt;&lt;al-&gt;&gt; Ḥūkūma al-Ittiḥādīya</subfield>
            <subfield code="h">Deutschland, Bundesrepublik</subfield>
            <subfield code="9">(DE-588)2028808-6</subfield>
          </datafield>
          <datafield tag="PKO" ind1="-" ind2="1">
            <subfield code="k">Kabinett Kiesinger</subfield>
            <subfield code="h">Deutschland, Bundesrepublik</subfield>
            <subfield code="9">(DE-588)2028808-6</subfield>
          </datafield>
          <datafield tag="PKO" ind1="-" ind2="1">
            <subfield code="k">Federal Government</subfield>
            <subfield code="h">Deutschland, Bundesrepublik</subfield>
            <subfield code="9">(DE-588)2028808-6</subfield>
          </datafield>
          <datafield tag="PKO" ind1="-" ind2="1">
            <subfield code="k">Governo</subfield>
            <subfield code="h">Deutschland, Bundesrepublik</subfield>
            <subfield code="9">(DE-588)2028808-6</subfield>
          </datafield>
          <datafield tag="PKO" ind1="-" ind2="1">
            <subfield code="k">Federal Chancellor</subfield>
            <subfield code="h">Deutschland, Bundesrepublik</subfield>
            <subfield code="9">(DE-588)2028808-6</subfield>
          </datafield>
          <datafield tag="PKO" ind1="-" ind2="1">
            <subfield code="k">Chancellor</subfield>
            <subfield code="h">Deutschland, Bundesrepublik</subfield>
            <subfield code="9">(DE-588)2028808-6</subfield>
          </datafield>
          <datafield tag="PKO" ind1="-" ind2="1">
            <subfield code="k">Governo Federale</subfield>
            <subfield code="h">Deutschland, Bundesrepublik</subfield>
            <subfield code="9">(DE-588)2028808-6</subfield>
          </datafield>
          <datafield tag="PKO" ind1="-" ind2="1">
            <subfield code="k">Deutschland</subfield>
            <subfield code="h">Bundesrepublik</subfield>
            <subfield code="b">Gouvernement</subfield>
            <subfield code="9">(DE-588)2028808-6</subfield>
          </datafield>
          <datafield tag="PKO" ind1="-" ind2="1">
            <subfield code="k">Deutschland</subfield>
            <subfield code="h">Bundesrepublik</subfield>
            <subfield code="b">Gobierno</subfield>
            <subfield code="9">(DE-588)2028808-6</subfield>
          </datafield>
          <datafield tag="PKO" ind1="-" ind2="1">
            <subfield code="k">Deutschland</subfield>
            <subfield code="h">Bundesrepublik</subfield>
            <subfield code="b">&lt;&lt;al- &gt;&gt;Ḥūkūma al-Ittiḥādīya</subfield>
            <subfield code="9">(DE-588)2028808-6</subfield>
          </datafield>
          <datafield tag="PKO" ind1="-" ind2="1">
            <subfield code="k">Deutschland</subfield>
            <subfield code="h">Bundesrepublik</subfield>
            <subfield code="b">Kabinett Kiesinger</subfield>
            <subfield code="9">(DE-588)2028808-6</subfield>
          </datafield>
          <datafield tag="PKO" ind1="-" ind2="1">
            <subfield code="k">Deutschland</subfield>
            <subfield code="h">Bundesrepublik</subfield>
            <subfield code="b">Government</subfield>
            <subfield code="9">(DE-588)2028808-6</subfield>
          </datafield>
          <datafield tag="PKO" ind1="-" ind2="1">
            <subfield code="k">Deutschland</subfield>
            <subfield code="h">Bundesrepublik</subfield>
            <subfield code="b">Governo</subfield>
            <subfield code="9">(DE-588)2028808-6</subfield>
          </datafield>
          <datafield tag="PKO" ind1="-" ind2="1">
            <subfield code="k">Deutschland</subfield>
            <subfield code="h">Bundesrepublik</subfield>
            <subfield code="b">Chancellor</subfield>
            <subfield code="9">(DE-588)2028808-6</subfield>
          </datafield>
          <datafield tag="PKO" ind1="-" ind2="1">
            <subfield code="k">Bundesregierung</subfield>
            <subfield code="h">Deutschland, Bundesrepublik</subfield>
            <subfield code="9">(DE-588)2028808-6</subfield>
          </datafield>
          <datafield tag="PKO" ind1="-" ind2="1">
            <subfield code="k">Gouvernement</subfield>
            <subfield code="h">Deutschland, Bundesrepublik</subfield>
            <subfield code="9">(DE-588)2028808-6</subfield>
          </datafield>
          <datafield tag="PKO" ind1="-" ind2="1">
            <subfield code="k">Gobierno</subfield>
            <subfield code="h">Deutschland, Bundesrepublik</subfield>
            <subfield code="9">(DE-588)2028808-6</subfield>
          </datafield>
          <datafield tag="PKO" ind1="-" ind2="1">
            <subfield code="k">&lt;&lt;al-&gt;&gt; Ḥūkūma al-Ittiḥādīya</subfield>
            <subfield code="h">Deutschland, Bundesrepublik</subfield>
            <subfield code="9">(DE-588)2028808-6</subfield>
          </datafield>
          <datafield tag="PKO" ind1="-" ind2="1">
            <subfield code="k">Kabinett Kiesinger</subfield>
            <subfield code="h">Deutschland, Bundesrepublik</subfield>
            <subfield code="9">(DE-588)2028808-6</subfield>
          </datafield>
          <datafield tag="PKO" ind1="-" ind2="1">
            <subfield code="k">Federal Government</subfield>
            <subfield code="h">Deutschland, Bundesrepublik</subfield>
            <subfield code="9">(DE-588)2028808-6</subfield>
          </datafield>
          <datafield tag="PKO" ind1="-" ind2="1">
            <subfield code="k">Governo</subfield>
            <subfield code="h">Deutschland, Bundesrepublik</subfield>
            <subfield code="9">(DE-588)2028808-6</subfield>
          </datafield>
          <datafield tag="PKO" ind1="-" ind2="1">
            <subfield code="k">Federal Chancellor</subfield>
            <subfield code="h">Deutschland, Bundesrepublik</subfield>
            <subfield code="9">(DE-588)2028808-6</subfield>
          </datafield>
          <datafield tag="PKO" ind1="-" ind2="1">
            <subfield code="k">Chancellor</subfield>
            <subfield code="h">Deutschland, Bundesrepublik</subfield>
            <subfield code="9">(DE-588)2028808-6</subfield>
          </datafield>
          <datafield tag="PKO" ind1="-" ind2="1">
            <subfield code="k">Deutschland</subfield>
            <subfield code="h">Bundesrepublik</subfield>
            <subfield code="b">Bundestag</subfield>
            <subfield code="b">Presse- und Informationszentrum</subfield>
            <subfield code="9">(DE-588)2028840-2</subfield>
          </datafield>
          <datafield tag="PKO" ind1="-" ind2="1">
            <subfield code="k">Deutschland</subfield>
            <subfield code="h">Bundesrepublik</subfield>
            <subfield code="b">Bundestag</subfield>
            <subfield code="b">Abteilung Wissenschaftliche Dokumentation</subfield>
            <subfield code="9">(DE-588)2028840-2</subfield>
          </datafield>
          <datafield tag="PKO" ind1="-" ind2="1">
            <subfield code="k">Deutschland</subfield>
            <subfield code="h">Bundesrepublik</subfield>
            <subfield code="b">Bundestag</subfield>
            <subfield code="b">Wissenschaftliche Abteilung</subfield>
            <subfield code="9">(DE-588)2028840-2</subfield>
          </datafield>
          <datafield tag="PKO" ind1="-" ind2="1">
            <subfield code="k">&lt;&lt;Der&gt;&gt; Deutsche Bundestag</subfield>
            <subfield code="9">(DE-588)2028840-2</subfield>
          </datafield>
          <datafield tag="PKO" ind1="-" ind2="1">
            <subfield code="k">Deutscher Bundestag</subfield>
            <subfield code="h">Deutschland, Bundesrepublik</subfield>
            <subfield code="9">(DE-588)2028840-2</subfield>
          </datafield>
          <datafield tag="PKO" ind1="-" ind2="1">
            <subfield code="k">Bundestag</subfield>
            <subfield code="h">Deutschland, Bundesrepublik</subfield>
            <subfield code="9">(DE-588)2028840-2</subfield>
          </datafield>
          <datafield tag="PKO" ind1="-" ind2="1">
            <subfield code="k">Deutschland</subfield>
            <subfield code="h">Bundesrepublik</subfield>
            <subfield code="b">Bundestag</subfield>
            <subfield code="b">Gruppe Datenverarbeitung</subfield>
            <subfield code="9">(DE-588)2028840-2</subfield>
          </datafield>
          <datafield tag="PKO" ind1="-" ind2="1">
            <subfield code="k">Deutschland</subfield>
            <subfield code="h">Bundesrepublik</subfield>
            <subfield code="b">Bundestag</subfield>
            <subfield code="b">Referat Öffentlichkeitsarbeit</subfield>
            <subfield code="9">(DE-588)2028840-2</subfield>
          </datafield>
          <datafield tag="PKO" ind1="-" ind2="1">
            <subfield code="k">Deutschland</subfield>
            <subfield code="h">Bundesrepublik</subfield>
            <subfield code="b">Parlament</subfield>
            <subfield code="9">(DE-588)2028840-2</subfield>
          </datafield>
          <datafield tag="PKO" ind1="-" ind2="1">
            <subfield code="k">Parlament</subfield>
            <subfield code="h">Deutschland, Bundesrepublik</subfield>
            <subfield code="9">(DE-588)2028840-2</subfield>
          </datafield>
          <datafield tag="PKO" ind1="-" ind2="1">
            <subfield code="k">Presse- und Informationszentrum</subfield>
            <subfield code="h">Deutschland, Bundesrepublik, Bundestag</subfield>
            <subfield code="9">(DE-588)2028840-2</subfield>
          </datafield>
          <datafield tag="PKO" ind1="-" ind2="1">
            <subfield code="k">Deutschland</subfield>
            <subfield code="h">Bundesrepublik</subfield>
            <subfield code="b">Bundestag</subfield>
            <subfield code="b">Verwaltung</subfield>
            <subfield code="9">(DE-588)2028840-2</subfield>
          </datafield>
          <datafield tag="PKO" ind1="-" ind2="1">
            <subfield code="k">Gruppe Datenverarbeitung</subfield>
            <subfield code="h">Deutschland, Bundesrepublik, Bundestag</subfield>
            <subfield code="9">(DE-588)2028840-2</subfield>
          </datafield>
          <datafield tag="PKO" ind1="-" ind2="1">
            <subfield code="k">Deutschland</subfield>
            <subfield code="h">Bundesrepublik</subfield>
            <subfield code="b">Bundestag</subfield>
            <subfield code="b">Wissenschaftliche Dienste</subfield>
            <subfield code="9">(DE-588)2028840-2</subfield>
          </datafield>
          <datafield tag="PKO" ind1="-" ind2="1">
            <subfield code="k">Deutschland</subfield>
            <subfield code="h">Bundesrepublik</subfield>
            <subfield code="b">Bundestag</subfield>
            <subfield code="b">Referat Pressedokumentation</subfield>
            <subfield code="9">(DE-588)2028840-2</subfield>
          </datafield>
          <datafield tag="PKO" ind1="-" ind2="1">
            <subfield code="k">Deutschland</subfield>
            <subfield code="h">Bundesrepublik</subfield>
            <subfield code="b">Bundestag</subfield>
            <subfield code="b">Präsidentin</subfield>
            <subfield code="9">(DE-588)2028840-2</subfield>
          </datafield>
          <datafield tag="PKO" ind1="-" ind2="1">
            <subfield code="k">Deutschland</subfield>
            <subfield code="h">Bundesrepublik</subfield>
            <subfield code="b">Bundestag</subfield>
            <subfield code="b">Referat Zeitgeschichte und Allgemeine Politik</subfield>
            <subfield code="9">(DE-588)2028840-2</subfield>
          </datafield>
          <datafield tag="PKO" ind1="-" ind2="1">
            <subfield code="k">Wissenschaftliche Dienste</subfield>
            <subfield code="h">Deutschland, Bundesrepublik, Bundestag</subfield>
            <subfield code="9">(DE-588)2028840-2</subfield>
          </datafield>
          <datafield tag="PKO" ind1="-" ind2="1">
            <subfield code="k">Deutschland</subfield>
            <subfield code="h">Bundesrepublik</subfield>
            <subfield code="b">Bundestag</subfield>
            <subfield code="b">Hauptabteilung Wissenschaftliche Dienste</subfield>
            <subfield code="9">(DE-588)2028840-2</subfield>
          </datafield>
          <datafield tag="PKO" ind1="-" ind2="1">
            <subfield code="k">German Bundestag</subfield>
            <subfield code="h">Deutschland, Bundesrepublik</subfield>
            <subfield code="9">(DE-588)2028840-2</subfield>
          </datafield>
          <datafield tag="PKO" ind1="-" ind2="1">
            <subfield code="k">Bundestag Alemàn</subfield>
            <subfield code="h">Deutschland, Bundesrepublik</subfield>
            <subfield code="9">(DE-588)2028840-2</subfield>
          </datafield>
          <datafield tag="PKO" ind1="-" ind2="1">
            <subfield code="k">Deutschland</subfield>
            <subfield code="h">Bundesrepublik</subfield>
            <subfield code="b">Bundestag</subfield>
            <subfield code="b">Pressezentrum</subfield>
            <subfield code="9">(DE-588)2028840-2</subfield>
          </datafield>
          <datafield tag="PKO" ind1="-" ind2="1">
            <subfield code="k">Pressezentrum</subfield>
            <subfield code="h">Deutschland, Bundesrepublik, Bundestag</subfield>
            <subfield code="9">(DE-588)2028840-2</subfield>
          </datafield>
          <datafield tag="PKO" ind1="-" ind2="1">
            <subfield code="k">Deutschland</subfield>
            <subfield code="h">Bundesrepublik</subfield>
            <subfield code="b">Bundestag</subfield>
            <subfield code="b">Referat Interparlamentarische Angelegenheiten</subfield>
            <subfield code="9">(DE-588)2028840-2</subfield>
          </datafield>
          <datafield tag="PKO" ind1="-" ind2="1">
            <subfield code="k">Präsidentin</subfield>
            <subfield code="h">Deutschland, Bundesrepublik, Bundestag</subfield>
            <subfield code="9">(DE-588)2028840-2</subfield>
          </datafield>
          <datafield tag="PKO" ind1="-" ind2="1">
            <subfield code="k">Deutschland</subfield>
            <subfield code="h">Bundesrepublik</subfield>
            <subfield code="b">Bundestag</subfield>
            <subfield code="b">Press and Information Centre</subfield>
            <subfield code="9">(DE-588)2028840-2</subfield>
          </datafield>
          <datafield tag="PKO" ind1="-" ind2="1">
            <subfield code="k">Press and Information Centre</subfield>
            <subfield code="h">Deutschland, Bundesrepublik, Bundestag</subfield>
            <subfield code="9">(DE-588)2028840-2</subfield>
          </datafield>
          <datafield tag="PKO" ind1="-" ind2="1">
            <subfield code="k">Deutschland</subfield>
            <subfield code="h">Bundesrepublik</subfield>
            <subfield code="b">Bundestag</subfield>
            <subfield code="b">Centre de Presse et d'Information</subfield>
            <subfield code="9">(DE-588)2028840-2</subfield>
          </datafield>
          <datafield tag="PKO" ind1="-" ind2="1">
            <subfield code="k">Centre de Presse et d'Information</subfield>
            <subfield code="h">Deutschland, Bundesrepublik, Bundestag</subfield>
            <subfield code="9">(DE-588)2028840-2</subfield>
          </datafield>
          <datafield tag="PKO" ind1="-" ind2="1">
            <subfield code="k">Deutschland</subfield>
            <subfield code="h">Bundesrepublik</subfield>
            <subfield code="b">Bundestag</subfield>
            <subfield code="b">Centro de Prensa e Información</subfield>
            <subfield code="9">(DE-588)2028840-2</subfield>
          </datafield>
          <datafield tag="PKO" ind1="-" ind2="1">
            <subfield code="k">Centro de Prensa e Información</subfield>
            <subfield code="h">Deutschland, Bundesrepublik, Bundestag</subfield>
            <subfield code="9">(DE-588)2028840-2</subfield>
          </datafield>
          <datafield tag="PKO" ind1="-" ind2="1">
            <subfield code="k">Deutschland</subfield>
            <subfield code="h">Bundesrepublik</subfield>
            <subfield code="b">Bundestag</subfield>
            <subfield code="b">Public Relations Section</subfield>
            <subfield code="9">(DE-588)2028840-2</subfield>
          </datafield>
          <datafield tag="PKO" ind1="-" ind2="1">
            <subfield code="k">Deutschland</subfield>
            <subfield code="h">Bundesrepublik</subfield>
            <subfield code="b">Bundestag</subfield>
            <subfield code="b">Bureau des Relations Publiques</subfield>
            <subfield code="9">(DE-588)2028840-2</subfield>
          </datafield>
          <datafield tag="PKO" ind1="-" ind2="1">
            <subfield code="k">Deutschland</subfield>
            <subfield code="h">Bundesrepublik</subfield>
            <subfield code="b">Bundestag</subfield>
            <subfield code="b">Presse- und Informationszentrum</subfield>
            <subfield code="9">(DE-588)2028840-2</subfield>
          </datafield>
          <datafield tag="PKO" ind1="-" ind2="1">
            <subfield code="k">Deutschland</subfield>
            <subfield code="h">Bundesrepublik</subfield>
            <subfield code="b">Bundestag</subfield>
            <subfield code="b">Abteilung Wissenschaftliche Dokumentation</subfield>
            <subfield code="9">(DE-588)2028840-2</subfield>
          </datafield>
          <datafield tag="PKO" ind1="-" ind2="1">
            <subfield code="k">Deutschland</subfield>
            <subfield code="h">Bundesrepublik</subfield>
            <subfield code="b">Bundestag</subfield>
            <subfield code="b">Wissenschaftliche Abteilung</subfield>
            <subfield code="9">(DE-588)2028840-2</subfield>
          </datafield>
          <datafield tag="PKO" ind1="-" ind2="1">
            <subfield code="k">&lt;&lt;Der&gt;&gt; Deutsche Bundestag</subfield>
            <subfield code="9">(DE-588)2028840-2</subfield>
          </datafield>
          <datafield tag="PKO" ind1="-" ind2="1">
            <subfield code="k">Deutscher Bundestag</subfield>
            <subfield code="h">Deutschland, Bundesrepublik</subfield>
            <subfield code="9">(DE-588)2028840-2</subfield>
          </datafield>
          <datafield tag="PKO" ind1="-" ind2="1">
            <subfield code="k">Bundestag</subfield>
            <subfield code="h">Deutschland, Bundesrepublik</subfield>
            <subfield code="9">(DE-588)2028840-2</subfield>
          </datafield>
          <datafield tag="PKO" ind1="-" ind2="1">
            <subfield code="k">Deutschland</subfield>
            <subfield code="h">Bundesrepublik</subfield>
            <subfield code="b">Bundestag</subfield>
            <subfield code="b">Gruppe Datenverarbeitung</subfield>
            <subfield code="9">(DE-588)2028840-2</subfield>
          </datafield>
          <datafield tag="PKO" ind1="-" ind2="1">
            <subfield code="k">Deutschland</subfield>
            <subfield code="h">Bundesrepublik</subfield>
            <subfield code="b">Bundestag</subfield>
            <subfield code="b">Referat Öffentlichkeitsarbeit</subfield>
            <subfield code="9">(DE-588)2028840-2</subfield>
          </datafield>
          <datafield tag="PKO" ind1="-" ind2="1">
            <subfield code="k">Deutschland</subfield>
            <subfield code="h">Bundesrepublik</subfield>
            <subfield code="b">Parlament</subfield>
            <subfield code="9">(DE-588)2028840-2</subfield>
          </datafield>
          <datafield tag="PKO" ind1="-" ind2="1">
            <subfield code="k">Parlament</subfield>
            <subfield code="h">Deutschland, Bundesrepublik</subfield>
            <subfield code="9">(DE-588)2028840-2</subfield>
          </datafield>
          <datafield tag="PKO" ind1="-" ind2="1">
            <subfield code="k">Presse- und Informationszentrum</subfield>
            <subfield code="h">Deutschland, Bundesrepublik, Bundestag</subfield>
            <subfield code="9">(DE-588)2028840-2</subfield>
          </datafield>
          <datafield tag="PKO" ind1="-" ind2="1">
            <subfield code="k">Deutschland</subfield>
            <subfield code="h">Bundesrepublik</subfield>
            <subfield code="b">Bundestag</subfield>
            <subfield code="b">Verwaltung</subfield>
            <subfield code="9">(DE-588)2028840-2</subfield>
          </datafield>
          <datafield tag="PKO" ind1="-" ind2="1">
            <subfield code="k">Gruppe Datenverarbeitung</subfield>
            <subfield code="h">Deutschland, Bundesrepublik, Bundestag</subfield>
            <subfield code="9">(DE-588)2028840-2</subfield>
          </datafield>
          <datafield tag="PKO" ind1="-" ind2="1">
            <subfield code="k">Deutschland</subfield>
            <subfield code="h">Bundesrepublik</subfield>
            <subfield code="b">Bundestag</subfield>
            <subfield code="b">Wissenschaftliche Dienste</subfield>
            <subfield code="9">(DE-588)2028840-2</subfield>
          </datafield>
          <datafield tag="PKO" ind1="-" ind2="1">
            <subfield code="k">Deutschland</subfield>
            <subfield code="h">Bundesrepublik</subfield>
            <subfield code="b">Bundestag</subfield>
            <subfield code="b">Referat Pressedokumentation</subfield>
            <subfield code="9">(DE-588)2028840-2</subfield>
          </datafield>
          <datafield tag="PKO" ind1="-" ind2="1">
            <subfield code="k">Deutschland</subfield>
            <subfield code="h">Bundesrepublik</subfield>
            <subfield code="b">Bundestag</subfield>
            <subfield code="b">Präsidentin</subfield>
            <subfield code="9">(DE-588)2028840-2</subfield>
          </datafield>
          <datafield tag="PKO" ind1="-" ind2="1">
            <subfield code="k">Deutschland</subfield>
            <subfield code="h">Bundesrepublik</subfield>
            <subfield code="b">Bundestag</subfield>
            <subfield code="b">Referat Zeitgeschichte und Allgemeine Politik</subfield>
            <subfield code="9">(DE-588)2028840-2</subfield>
          </datafield>
          <datafield tag="PKO" ind1="-" ind2="1">
            <subfield code="k">Wissenschaftliche Dienste</subfield>
            <subfield code="h">Deutschland, Bundesrepublik, Bundestag</subfield>
            <subfield code="9">(DE-588)2028840-2</subfield>
          </datafield>
          <datafield tag="PKO" ind1="-" ind2="1">
            <subfield code="k">Deutschland</subfield>
            <subfield code="h">Bundesrepublik</subfield>
            <subfield code="b">Bundestag</subfield>
            <subfield code="b">Hauptabteilung Wissenschaftliche Dienste</subfield>
            <subfield code="9">(DE-588)2028840-2</subfield>
          </datafield>
          <datafield tag="PKO" ind1="-" ind2="1">
            <subfield code="k">German Bundestag</subfield>
            <subfield code="h">Deutschland, Bundesrepublik</subfield>
            <subfield code="9">(DE-588)2028840-2</subfield>
          </datafield>
          <datafield tag="PKO" ind1="-" ind2="1">
            <subfield code="k">Bundestag Alemàn</subfield>
            <subfield code="h">Deutschland, Bundesrepublik</subfield>
            <subfield code="9">(DE-588)2028840-2</subfield>
          </datafield>
          <datafield tag="PKO" ind1="-" ind2="1">
            <subfield code="k">Deutschland</subfield>
            <subfield code="h">Bundesrepublik</subfield>
            <subfield code="b">Bundestag</subfield>
            <subfield code="b">Pressezentrum</subfield>
            <subfield code="9">(DE-588)2028840-2</subfield>
          </datafield>
          <datafield tag="PKO" ind1="-" ind2="1">
            <subfield code="k">Pressezentrum</subfield>
            <subfield code="h">Deutschland, Bundesrepublik, Bundestag</subfield>
            <subfield code="9">(DE-588)2028840-2</subfield>
          </datafield>
          <datafield tag="PKO" ind1="-" ind2="1">
            <subfield code="k">Deutschland</subfield>
            <subfield code="h">Bundesrepublik</subfield>
            <subfield code="b">Bundestag</subfield>
            <subfield code="b">Referat Interparlamentarische Angelegenheiten</subfield>
            <subfield code="9">(DE-588)2028840-2</subfield>
          </datafield>
          <datafield tag="PKO" ind1="-" ind2="1">
            <subfield code="k">Präsidentin</subfield>
            <subfield code="h">Deutschland, Bundesrepublik, Bundestag</subfield>
            <subfield code="9">(DE-588)2028840-2</subfield>
          </datafield>
          <datafield tag="PKO" ind1="-" ind2="1">
            <subfield code="k">Deutschland</subfield>
            <subfield code="h">Bundesrepublik</subfield>
            <subfield code="b">Bundestag</subfield>
            <subfield code="b">Press and Information Centre</subfield>
            <subfield code="9">(DE-588)2028840-2</subfield>
          </datafield>
          <datafield tag="PKO" ind1="-" ind2="1">
            <subfield code="k">Press and Information Centre</subfield>
            <subfield code="h">Deutschland, Bundesrepublik, Bundestag</subfield>
            <subfield code="9">(DE-588)2028840-2</subfield>
          </datafield>
          <datafield tag="PKO" ind1="-" ind2="1">
            <subfield code="k">Deutschland</subfield>
            <subfield code="h">Bundesrepublik</subfield>
            <subfield code="b">Bundestag</subfield>
            <subfield code="b">Centre de Presse et d'Information</subfield>
            <subfield code="9">(DE-588)2028840-2</subfield>
          </datafield>
          <datafield tag="PKO" ind1="-" ind2="1">
            <subfield code="k">Centre de Presse et d'Information</subfield>
            <subfield code="h">Deutschland, Bundesrepublik, Bundestag</subfield>
            <subfield code="9">(DE-588)2028840-2</subfield>
          </datafield>
          <datafield tag="PKO" ind1="-" ind2="1">
            <subfield code="k">Deutschland</subfield>
            <subfield code="h">Bundesrepublik</subfield>
            <subfield code="b">Bundestag</subfield>
            <subfield code="b">Centro de Prensa e Información</subfield>
            <subfield code="9">(DE-588)2028840-2</subfield>
          </datafield>
          <datafield tag="PKO" ind1="-" ind2="1">
            <subfield code="k">Centro de Prensa e Información</subfield>
            <subfield code="h">Deutschland, Bundesrepublik, Bundestag</subfield>
            <subfield code="9">(DE-588)2028840-2</subfield>
          </datafield>
          <datafield tag="PKO" ind1="-" ind2="1">
            <subfield code="k">Deutschland</subfield>
            <subfield code="h">Bundesrepublik</subfield>
            <subfield code="b">Bundestag</subfield>
            <subfield code="b">Public Relations Section</subfield>
            <subfield code="9">(DE-588)2028840-2</subfield>
          </datafield>
          <datafield tag="PKO" ind1="-" ind2="1">
            <subfield code="k">Deutschland</subfield>
            <subfield code="h">Bundesrepublik</subfield>
            <subfield code="b">Bundestag</subfield>
            <subfield code="b">Bureau des Relations Publiques</subfield>
            <subfield code="9">(DE-588)2028840-2</subfield>
          </datafield>
          <datafield tag="PKO" ind1="-" ind2="1">
            <subfield code="k">Deutschland</subfield>
            <subfield code="h">Bundesrepublik</subfield>
            <subfield code="b">Bundestag</subfield>
            <subfield code="b">Presse- und Informationszentrum</subfield>
            <subfield code="9">(DE-588)2028840-2</subfield>
          </datafield>
          <datafield tag="PKO" ind1="-" ind2="1">
            <subfield code="k">Deutschland</subfield>
            <subfield code="h">Bundesrepublik</subfield>
            <subfield code="b">Bundestag</subfield>
            <subfield code="b">Abteilung Wissenschaftliche Dokumentation</subfield>
            <subfield code="9">(DE-588)2028840-2</subfield>
          </datafield>
          <datafield tag="PKO" ind1="-" ind2="1">
            <subfield code="k">Deutschland</subfield>
            <subfield code="h">Bundesrepublik</subfield>
            <subfield code="b">Bundestag</subfield>
            <subfield code="b">Wissenschaftliche Abteilung</subfield>
            <subfield code="9">(DE-588)2028840-2</subfield>
          </datafield>
          <datafield tag="PKO" ind1="-" ind2="1">
            <subfield code="k">&lt;&lt;Der&gt;&gt; Deutsche Bundestag</subfield>
            <subfield code="9">(DE-588)2028840-2</subfield>
          </datafield>
          <datafield tag="PKO" ind1="-" ind2="1">
            <subfield code="k">Deutscher Bundestag</subfield>
            <subfield code="h">Deutschland, Bundesrepublik</subfield>
            <subfield code="9">(DE-588)2028840-2</subfield>
          </datafield>
          <datafield tag="PKO" ind1="-" ind2="1">
            <subfield code="k">Bundestag</subfield>
            <subfield code="h">Deutschland, Bundesrepublik</subfield>
            <subfield code="9">(DE-588)2028840-2</subfield>
          </datafield>
          <datafield tag="PKO" ind1="-" ind2="1">
            <subfield code="k">Deutschland</subfield>
            <subfield code="h">Bundesrepublik</subfield>
            <subfield code="b">Bundestag</subfield>
            <subfield code="b">Gruppe Datenverarbeitung</subfield>
            <subfield code="9">(DE-588)2028840-2</subfield>
          </datafield>
          <datafield tag="PKO" ind1="-" ind2="1">
            <subfield code="k">Deutschland</subfield>
            <subfield code="h">Bundesrepublik</subfield>
            <subfield code="b">Bundestag</subfield>
            <subfield code="b">Referat Öffentlichkeitsarbeit</subfield>
            <subfield code="9">(DE-588)2028840-2</subfield>
          </datafield>
          <datafield tag="PKO" ind1="-" ind2="1">
            <subfield code="k">Deutschland</subfield>
            <subfield code="h">Bundesrepublik</subfield>
            <subfield code="b">Parlament</subfield>
            <subfield code="9">(DE-588)2028840-2</subfield>
          </datafield>
          <datafield tag="PKO" ind1="-" ind2="1">
            <subfield code="k">Parlament</subfield>
            <subfield code="h">Deutschland, Bundesrepublik</subfield>
            <subfield code="9">(DE-588)2028840-2</subfield>
          </datafield>
          <datafield tag="PKO" ind1="-" ind2="1">
            <subfield code="k">Presse- und Informationszentrum</subfield>
            <subfield code="h">Deutschland, Bundesrepublik, Bundestag</subfield>
            <subfield code="9">(DE-588)2028840-2</subfield>
          </datafield>
          <datafield tag="PKO" ind1="-" ind2="1">
            <subfield code="k">Deutschland</subfield>
            <subfield code="h">Bundesrepublik</subfield>
            <subfield code="b">Bundestag</subfield>
            <subfield code="b">Verwaltung</subfield>
            <subfield code="9">(DE-588)2028840-2</subfield>
          </datafield>
          <datafield tag="PKO" ind1="-" ind2="1">
            <subfield code="k">Gruppe Datenverarbeitung</subfield>
            <subfield code="h">Deutschland, Bundesrepublik, Bundestag</subfield>
            <subfield code="9">(DE-588)2028840-2</subfield>
          </datafield>
          <datafield tag="PKO" ind1="-" ind2="1">
            <subfield code="k">Deutschland</subfield>
            <subfield code="h">Bundesrepublik</subfield>
            <subfield code="b">Bundestag</subfield>
            <subfield code="b">Wissenschaftliche Dienste</subfield>
            <subfield code="9">(DE-588)2028840-2</subfield>
          </datafield>
          <datafield tag="PKO" ind1="-" ind2="1">
            <subfield code="k">Deutschland</subfield>
            <subfield code="h">Bundesrepublik</subfield>
            <subfield code="b">Bundestag</subfield>
            <subfield code="b">Referat Pressedokumentation</subfield>
            <subfield code="9">(DE-588)2028840-2</subfield>
          </datafield>
          <datafield tag="PKO" ind1="-" ind2="1">
            <subfield code="k">Deutschland</subfield>
            <subfield code="h">Bundesrepublik</subfield>
            <subfield code="b">Bundestag</subfield>
            <subfield code="b">Präsidentin</subfield>
            <subfield code="9">(DE-588)2028840-2</subfield>
          </datafield>
          <datafield tag="PKO" ind1="-" ind2="1">
            <subfield code="k">Deutschland</subfield>
            <subfield code="h">Bundesrepublik</subfield>
            <subfield code="b">Bundestag</subfield>
            <subfield code="b">Referat Zeitgeschichte und Allgemeine Politik</subfield>
            <subfield code="9">(DE-588)2028840-2</subfield>
          </datafield>
          <datafield tag="PKO" ind1="-" ind2="1">
            <subfield code="k">Wissenschaftliche Dienste</subfield>
            <subfield code="h">Deutschland, Bundesrepublik, Bundestag</subfield>
            <subfield code="9">(DE-588)2028840-2</subfield>
          </datafield>
          <datafield tag="PKO" ind1="-" ind2="1">
            <subfield code="k">Deutschland</subfield>
            <subfield code="h">Bundesrepublik</subfield>
            <subfield code="b">Bundestag</subfield>
            <subfield code="b">Hauptabteilung Wissenschaftliche Dienste</subfield>
            <subfield code="9">(DE-588)2028840-2</subfield>
          </datafield>
          <datafield tag="PKO" ind1="-" ind2="1">
            <subfield code="k">German Bundestag</subfield>
            <subfield code="h">Deutschland, Bundesrepublik</subfield>
            <subfield code="9">(DE-588)2028840-2</subfield>
          </datafield>
          <datafield tag="PKO" ind1="-" ind2="1">
            <subfield code="k">Bundestag Alemàn</subfield>
            <subfield code="h">Deutschland, Bundesrepublik</subfield>
            <subfield code="9">(DE-588)2028840-2</subfield>
          </datafield>
          <datafield tag="PKO" ind1="-" ind2="1">
            <subfield code="k">Deutschland</subfield>
            <subfield code="h">Bundesrepublik</subfield>
            <subfield code="b">Bundestag</subfield>
            <subfield code="b">Pressezentrum</subfield>
            <subfield code="9">(DE-588)2028840-2</subfield>
          </datafield>
          <datafield tag="PKO" ind1="-" ind2="1">
            <subfield code="k">Pressezentrum</subfield>
            <subfield code="h">Deutschland, Bundesrepublik, Bundestag</subfield>
            <subfield code="9">(DE-588)2028840-2</subfield>
          </datafield>
          <datafield tag="PKO" ind1="-" ind2="1">
            <subfield code="k">Deutschland</subfield>
            <subfield code="h">Bundesrepublik</subfield>
            <subfield code="b">Bundestag</subfield>
            <subfield code="b">Referat Interparlamentarische Angelegenheiten</subfield>
            <subfield code="9">(DE-588)2028840-2</subfield>
          </datafield>
          <datafield tag="PKO" ind1="-" ind2="1">
            <subfield code="k">Präsidentin</subfield>
            <subfield code="h">Deutschland, Bundesrepublik, Bundestag</subfield>
            <subfield code="9">(DE-588)2028840-2</subfield>
          </datafield>
          <datafield tag="PKO" ind1="-" ind2="1">
            <subfield code="k">Deutschland</subfield>
            <subfield code="h">Bundesrepublik</subfield>
            <subfield code="b">Bundestag</subfield>
            <subfield code="b">Press and Information Centre</subfield>
            <subfield code="9">(DE-588)2028840-2</subfield>
          </datafield>
          <datafield tag="PKO" ind1="-" ind2="1">
            <subfield code="k">Press and Information Centre</subfield>
            <subfield code="h">Deutschland, Bundesrepublik, Bundestag</subfield>
            <subfield code="9">(DE-588)2028840-2</subfield>
          </datafield>
          <datafield tag="PKO" ind1="-" ind2="1">
            <subfield code="k">Deutschland</subfield>
            <subfield code="h">Bundesrepublik</subfield>
            <subfield code="b">Bundestag</subfield>
            <subfield code="b">Centre de Presse et d'Information</subfield>
            <subfield code="9">(DE-588)2028840-2</subfield>
          </datafield>
          <datafield tag="PKO" ind1="-" ind2="1">
            <subfield code="k">Centre de Presse et d'Information</subfield>
            <subfield code="h">Deutschland, Bundesrepublik, Bundestag</subfield>
            <subfield code="9">(DE-588)2028840-2</subfield>
          </datafield>
          <datafield tag="PKO" ind1="-" ind2="1">
            <subfield code="k">Deutschland</subfield>
            <subfield code="h">Bundesrepublik</subfield>
            <subfield code="b">Bundestag</subfield>
            <subfield code="b">Centro de Prensa e Información</subfield>
            <subfield code="9">(DE-588)2028840-2</subfield>
          </datafield>
          <datafield tag="PKO" ind1="-" ind2="1">
            <subfield code="k">Centro de Prensa e Información</subfield>
            <subfield code="h">Deutschland, Bundesrepublik, Bundestag</subfield>
            <subfield code="9">(DE-588)2028840-2</subfield>
          </datafield>
          <datafield tag="PKO" ind1="-" ind2="1">
            <subfield code="k">Deutschland</subfield>
            <subfield code="h">Bundesrepublik</subfield>
            <subfield code="b">Bundestag</subfield>
            <subfield code="b">Public Relations Section</subfield>
            <subfield code="9">(DE-588)2028840-2</subfield>
          </datafield>
          <datafield tag="PKO" ind1="-" ind2="1">
            <subfield code="k">Deutschland</subfield>
            <subfield code="h">Bundesrepublik</subfield>
            <subfield code="b">Bundestag</subfield>
            <subfield code="b">Bureau des Relations Publiques</subfield>
            <subfield code="9">(DE-588)2028840-2</subfield>
          </datafield>
          <datafield tag="PKO" ind1="-" ind2="1">
            <subfield code="k">Deutschland</subfield>
            <subfield code="h">Bundesrepublik</subfield>
            <subfield code="b">Bundestag</subfield>
            <subfield code="b">Presse- und Informationszentrum</subfield>
            <subfield code="9">(DE-588)2028840-2</subfield>
          </datafield>
          <datafield tag="PKO" ind1="-" ind2="1">
            <subfield code="k">Deutschland</subfield>
            <subfield code="h">Bundesrepublik</subfield>
            <subfield code="b">Bundestag</subfield>
            <subfield code="b">Abteilung Wissenschaftliche Dokumentation</subfield>
            <subfield code="9">(DE-588)2028840-2</subfield>
          </datafield>
          <datafield tag="PKO" ind1="-" ind2="1">
            <subfield code="k">Deutschland</subfield>
            <subfield code="h">Bundesrepublik</subfield>
            <subfield code="b">Bundestag</subfield>
            <subfield code="b">Wissenschaftliche Abteilung</subfield>
            <subfield code="9">(DE-588)2028840-2</subfield>
          </datafield>
          <datafield tag="PKO" ind1="-" ind2="1">
            <subfield code="k">&lt;&lt;Der&gt;&gt; Deutsche Bundestag</subfield>
            <subfield code="9">(DE-588)2028840-2</subfield>
          </datafield>
          <datafield tag="PKO" ind1="-" ind2="1">
            <subfield code="k">Deutscher Bundestag</subfield>
            <subfield code="h">Deutschland, Bundesrepublik</subfield>
            <subfield code="9">(DE-588)2028840-2</subfield>
          </datafield>
          <datafield tag="PKO" ind1="-" ind2="1">
            <subfield code="k">Bundestag</subfield>
            <subfield code="h">Deutschland, Bundesrepublik</subfield>
            <subfield code="9">(DE-588)2028840-2</subfield>
          </datafield>
          <datafield tag="PKO" ind1="-" ind2="1">
            <subfield code="k">Deutschland</subfield>
            <subfield code="h">Bundesrepublik</subfield>
            <subfield code="b">Bundestag</subfield>
            <subfield code="b">Gruppe Datenverarbeitung</subfield>
            <subfield code="9">(DE-588)2028840-2</subfield>
          </datafield>
          <datafield tag="PKO" ind1="-" ind2="1">
            <subfield code="k">Deutschland</subfield>
            <subfield code="h">Bundesrepublik</subfield>
            <subfield code="b">Bundestag</subfield>
            <subfield code="b">Referat Öffentlichkeitsarbeit</subfield>
            <subfield code="9">(DE-588)2028840-2</subfield>
          </datafield>
          <datafield tag="PKO" ind1="-" ind2="1">
            <subfield code="k">Deutschland</subfield>
            <subfield code="h">Bundesrepublik</subfield>
            <subfield code="b">Parlament</subfield>
            <subfield code="9">(DE-588)2028840-2</subfield>
          </datafield>
          <datafield tag="PKO" ind1="-" ind2="1">
            <subfield code="k">Parlament</subfield>
            <subfield code="h">Deutschland, Bundesrepublik</subfield>
            <subfield code="9">(DE-588)2028840-2</subfield>
          </datafield>
          <datafield tag="PKO" ind1="-" ind2="1">
            <subfield code="k">Presse- und Informationszentrum</subfield>
            <subfield code="h">Deutschland, Bundesrepublik, Bundestag</subfield>
            <subfield code="9">(DE-588)2028840-2</subfield>
          </datafield>
          <datafield tag="PKO" ind1="-" ind2="1">
            <subfield code="k">Deutschland</subfield>
            <subfield code="h">Bundesrepublik</subfield>
            <subfield code="b">Bundestag</subfield>
            <subfield code="b">Verwaltung</subfield>
            <subfield code="9">(DE-588)2028840-2</subfield>
          </datafield>
          <datafield tag="PKO" ind1="-" ind2="1">
            <subfield code="k">Gruppe Datenverarbeitung</subfield>
            <subfield code="h">Deutschland, Bundesrepublik, Bundestag</subfield>
            <subfield code="9">(DE-588)2028840-2</subfield>
          </datafield>
          <datafield tag="PKO" ind1="-" ind2="1">
            <subfield code="k">Deutschland</subfield>
            <subfield code="h">Bundesrepublik</subfield>
            <subfield code="b">Bundestag</subfield>
            <subfield code="b">Wissenschaftliche Dienste</subfield>
            <subfield code="9">(DE-588)2028840-2</subfield>
          </datafield>
          <datafield tag="PKO" ind1="-" ind2="1">
            <subfield code="k">Deutschland</subfield>
            <subfield code="h">Bundesrepublik</subfield>
            <subfield code="b">Bundestag</subfield>
            <subfield code="b">Referat Pressedokumentation</subfield>
            <subfield code="9">(DE-588)2028840-2</subfield>
          </datafield>
          <datafield tag="PKO" ind1="-" ind2="1">
            <subfield code="k">Deutschland</subfield>
            <subfield code="h">Bundesrepublik</subfield>
            <subfield code="b">Bundestag</subfield>
            <subfield code="b">Präsidentin</subfield>
            <subfield code="9">(DE-588)2028840-2</subfield>
          </datafield>
          <datafield tag="PKO" ind1="-" ind2="1">
            <subfield code="k">Deutschland</subfield>
            <subfield code="h">Bundesrepublik</subfield>
            <subfield code="b">Bundestag</subfield>
            <subfield code="b">Referat Zeitgeschichte und Allgemeine Politik</subfield>
            <subfield code="9">(DE-588)2028840-2</subfield>
          </datafield>
          <datafield tag="PKO" ind1="-" ind2="1">
            <subfield code="k">Wissenschaftliche Dienste</subfield>
            <subfield code="h">Deutschland, Bundesrepublik, Bundestag</subfield>
            <subfield code="9">(DE-588)2028840-2</subfield>
          </datafield>
          <datafield tag="PKO" ind1="-" ind2="1">
            <subfield code="k">Deutschland</subfield>
            <subfield code="h">Bundesrepublik</subfield>
            <subfield code="b">Bundestag</subfield>
            <subfield code="b">Hauptabteilung Wissenschaftliche Dienste</subfield>
            <subfield code="9">(DE-588)2028840-2</subfield>
          </datafield>
          <datafield tag="PKO" ind1="-" ind2="1">
            <subfield code="k">German Bundestag</subfield>
            <subfield code="h">Deutschland, Bundesrepublik</subfield>
            <subfield code="9">(DE-588)2028840-2</subfield>
          </datafield>
          <datafield tag="PKO" ind1="-" ind2="1">
            <subfield code="k">Bundestag Alemàn</subfield>
            <subfield code="h">Deutschland, Bundesrepublik</subfield>
            <subfield code="9">(DE-588)2028840-2</subfield>
          </datafield>
          <datafield tag="PKO" ind1="-" ind2="1">
            <subfield code="k">Deutschland</subfield>
            <subfield code="h">Bundesrepublik</subfield>
            <subfield code="b">Bundestag</subfield>
            <subfield code="b">Pressezentrum</subfield>
            <subfield code="9">(DE-588)2028840-2</subfield>
          </datafield>
          <datafield tag="PKO" ind1="-" ind2="1">
            <subfield code="k">Pressezentrum</subfield>
            <subfield code="h">Deutschland, Bundesrepublik, Bundestag</subfield>
            <subfield code="9">(DE-588)2028840-2</subfield>
          </datafield>
          <datafield tag="PKO" ind1="-" ind2="1">
            <subfield code="k">Deutschland</subfield>
            <subfield code="h">Bundesrepublik</subfield>
            <subfield code="b">Bundestag</subfield>
            <subfield code="b">Referat Interparlamentarische Angelegenheiten</subfield>
            <subfield code="9">(DE-588)2028840-2</subfield>
          </datafield>
          <datafield tag="PKO" ind1="-" ind2="1">
            <subfield code="k">Präsidentin</subfield>
            <subfield code="h">Deutschland, Bundesrepublik, Bundestag</subfield>
            <subfield code="9">(DE-588)2028840-2</subfield>
          </datafield>
          <datafield tag="PKO" ind1="-" ind2="1">
            <subfield code="k">Deutschland</subfield>
            <subfield code="h">Bundesrepublik</subfield>
            <subfield code="b">Bundestag</subfield>
            <subfield code="b">Press and Information Centre</subfield>
            <subfield code="9">(DE-588)2028840-2</subfield>
          </datafield>
          <datafield tag="PKO" ind1="-" ind2="1">
            <subfield code="k">Press and Information Centre</subfield>
            <subfield code="h">Deutschland, Bundesrepublik, Bundestag</subfield>
            <subfield code="9">(DE-588)2028840-2</subfield>
          </datafield>
          <datafield tag="PKO" ind1="-" ind2="1">
            <subfield code="k">Deutschland</subfield>
            <subfield code="h">Bundesrepublik</subfield>
            <subfield code="b">Bundestag</subfield>
            <subfield code="b">Centre de Presse et d'Information</subfield>
            <subfield code="9">(DE-588)2028840-2</subfield>
          </datafield>
          <datafield tag="PKO" ind1="-" ind2="1">
            <subfield code="k">Centre de Presse et d'Information</subfield>
            <subfield code="h">Deutschland, Bundesrepublik, Bundestag</subfield>
            <subfield code="9">(DE-588)2028840-2</subfield>
          </datafield>
          <datafield tag="PKO" ind1="-" ind2="1">
            <subfield code="k">Deutschland</subfield>
            <subfield code="h">Bundesrepublik</subfield>
            <subfield code="b">Bundestag</subfield>
            <subfield code="b">Centro de Prensa e Información</subfield>
            <subfield code="9">(DE-588)2028840-2</subfield>
          </datafield>
          <datafield tag="PKO" ind1="-" ind2="1">
            <subfield code="k">Centro de Prensa e Información</subfield>
            <subfield code="h">Deutschland, Bundesrepublik, Bundestag</subfield>
            <subfield code="9">(DE-588)2028840-2</subfield>
          </datafield>
          <datafield tag="PKO" ind1="-" ind2="1">
            <subfield code="k">Deutschland</subfield>
            <subfield code="h">Bundesrepublik</subfield>
            <subfield code="b">Bundestag</subfield>
            <subfield code="b">Public Relations Section</subfield>
            <subfield code="9">(DE-588)2028840-2</subfield>
          </datafield>
          <datafield tag="PKO" ind1="-" ind2="1">
            <subfield code="k">Deutschland</subfield>
            <subfield code="h">Bundesrepublik</subfield>
            <subfield code="b">Bundestag</subfield>
            <subfield code="b">Bureau des Relations Publiques</subfield>
            <subfield code="9">(DE-588)2028840-2</subfield>
          </datafield>
          <datafield tag="PKO" ind1="-" ind2="1">
            <subfield code="k">Deutschland</subfield>
            <subfield code="h">Bundesrepublik</subfield>
            <subfield code="b">Bundestag</subfield>
            <subfield code="b">Presse- und Informationszentrum</subfield>
            <subfield code="9">(DE-588)2028840-2</subfield>
          </datafield>
          <datafield tag="PKO" ind1="-" ind2="1">
            <subfield code="k">Deutschland</subfield>
            <subfield code="h">Bundesrepublik</subfield>
            <subfield code="b">Bundestag</subfield>
            <subfield code="b">Abteilung Wissenschaftliche Dokumentation</subfield>
            <subfield code="9">(DE-588)2028840-2</subfield>
          </datafield>
          <datafield tag="PKO" ind1="-" ind2="1">
            <subfield code="k">Deutschland</subfield>
            <subfield code="h">Bundesrepublik</subfield>
            <subfield code="b">Bundestag</subfield>
            <subfield code="b">Wissenschaftliche Abteilung</subfield>
            <subfield code="9">(DE-588)2028840-2</subfield>
          </datafield>
          <datafield tag="PKO" ind1="-" ind2="1">
            <subfield code="k">&lt;&lt;Der&gt;&gt; Deutsche Bundestag</subfield>
            <subfield code="9">(DE-588)2028840-2</subfield>
          </datafield>
          <datafield tag="PKO" ind1="-" ind2="1">
            <subfield code="k">Deutscher Bundestag</subfield>
            <subfield code="h">Deutschland, Bundesrepublik</subfield>
            <subfield code="9">(DE-588)2028840-2</subfield>
          </datafield>
          <datafield tag="PKO" ind1="-" ind2="1">
            <subfield code="k">Bundestag</subfield>
            <subfield code="h">Deutschland, Bundesrepublik</subfield>
            <subfield code="9">(DE-588)2028840-2</subfield>
          </datafield>
          <datafield tag="PKO" ind1="-" ind2="1">
            <subfield code="k">Deutschland</subfield>
            <subfield code="h">Bundesrepublik</subfield>
            <subfield code="b">Bundestag</subfield>
            <subfield code="b">Gruppe Datenverarbeitung</subfield>
            <subfield code="9">(DE-588)2028840-2</subfield>
          </datafield>
          <datafield tag="PKO" ind1="-" ind2="1">
            <subfield code="k">Deutschland</subfield>
            <subfield code="h">Bundesrepublik</subfield>
            <subfield code="b">Bundestag</subfield>
            <subfield code="b">Referat Öffentlichkeitsarbeit</subfield>
            <subfield code="9">(DE-588)2028840-2</subfield>
          </datafield>
          <datafield tag="PKO" ind1="-" ind2="1">
            <subfield code="k">Deutschland</subfield>
            <subfield code="h">Bundesrepublik</subfield>
            <subfield code="b">Parlament</subfield>
            <subfield code="9">(DE-588)2028840-2</subfield>
          </datafield>
          <datafield tag="PKO" ind1="-" ind2="1">
            <subfield code="k">Parlament</subfield>
            <subfield code="h">Deutschland, Bundesrepublik</subfield>
            <subfield code="9">(DE-588)2028840-2</subfield>
          </datafield>
          <datafield tag="PKO" ind1="-" ind2="1">
            <subfield code="k">Presse- und Informationszentrum</subfield>
            <subfield code="h">Deutschland, Bundesrepublik, Bundestag</subfield>
            <subfield code="9">(DE-588)2028840-2</subfield>
          </datafield>
          <datafield tag="PKO" ind1="-" ind2="1">
            <subfield code="k">Deutschland</subfield>
            <subfield code="h">Bundesrepublik</subfield>
            <subfield code="b">Bundestag</subfield>
            <subfield code="b">Verwaltung</subfield>
            <subfield code="9">(DE-588)2028840-2</subfield>
          </datafield>
          <datafield tag="PKO" ind1="-" ind2="1">
            <subfield code="k">Gruppe Datenverarbeitung</subfield>
            <subfield code="h">Deutschland, Bundesrepublik, Bundestag</subfield>
            <subfield code="9">(DE-588)2028840-2</subfield>
          </datafield>
          <datafield tag="PKO" ind1="-" ind2="1">
            <subfield code="k">Deutschland</subfield>
            <subfield code="h">Bundesrepublik</subfield>
            <subfield code="b">Bundestag</subfield>
            <subfield code="b">Wissenschaftliche Dienste</subfield>
            <subfield code="9">(DE-588)2028840-2</subfield>
          </datafield>
          <datafield tag="PKO" ind1="-" ind2="1">
            <subfield code="k">Deutschland</subfield>
            <subfield code="h">Bundesrepublik</subfield>
            <subfield code="b">Bundestag</subfield>
            <subfield code="b">Referat Pressedokumentation</subfield>
            <subfield code="9">(DE-588)2028840-2</subfield>
          </datafield>
          <datafield tag="PKO" ind1="-" ind2="1">
            <subfield code="k">Deutschland</subfield>
            <subfield code="h">Bundesrepublik</subfield>
            <subfield code="b">Bundestag</subfield>
            <subfield code="b">Präsidentin</subfield>
            <subfield code="9">(DE-588)2028840-2</subfield>
          </datafield>
          <datafield tag="PKO" ind1="-" ind2="1">
            <subfield code="k">Deutschland</subfield>
            <subfield code="h">Bundesrepublik</subfield>
            <subfield code="b">Bundestag</subfield>
            <subfield code="b">Referat Zeitgeschichte und Allgemeine Politik</subfield>
            <subfield code="9">(DE-588)2028840-2</subfield>
          </datafield>
          <datafield tag="PKO" ind1="-" ind2="1">
            <subfield code="k">Wissenschaftliche Dienste</subfield>
            <subfield code="h">Deutschland, Bundesrepublik, Bundestag</subfield>
            <subfield code="9">(DE-588)2028840-2</subfield>
          </datafield>
          <datafield tag="PKO" ind1="-" ind2="1">
            <subfield code="k">Deutschland</subfield>
            <subfield code="h">Bundesrepublik</subfield>
            <subfield code="b">Bundestag</subfield>
            <subfield code="b">Hauptabteilung Wissenschaftliche Dienste</subfield>
            <subfield code="9">(DE-588)2028840-2</subfield>
          </datafield>
          <datafield tag="PKO" ind1="-" ind2="1">
            <subfield code="k">German Bundestag</subfield>
            <subfield code="h">Deutschland, Bundesrepublik</subfield>
            <subfield code="9">(DE-588)2028840-2</subfield>
          </datafield>
          <datafield tag="PKO" ind1="-" ind2="1">
            <subfield code="k">Bundestag Alemàn</subfield>
            <subfield code="h">Deutschland, Bundesrepublik</subfield>
            <subfield code="9">(DE-588)2028840-2</subfield>
          </datafield>
          <datafield tag="PKO" ind1="-" ind2="1">
            <subfield code="k">Deutschland</subfield>
            <subfield code="h">Bundesrepublik</subfield>
            <subfield code="b">Bundestag</subfield>
            <subfield code="b">Pressezentrum</subfield>
            <subfield code="9">(DE-588)2028840-2</subfield>
          </datafield>
          <datafield tag="PKO" ind1="-" ind2="1">
            <subfield code="k">Pressezentrum</subfield>
            <subfield code="h">Deutschland, Bundesrepublik, Bundestag</subfield>
            <subfield code="9">(DE-588)2028840-2</subfield>
          </datafield>
          <datafield tag="PKO" ind1="-" ind2="1">
            <subfield code="k">Deutschland</subfield>
            <subfield code="h">Bundesrepublik</subfield>
            <subfield code="b">Bundestag</subfield>
            <subfield code="b">Referat Interparlamentarische Angelegenheiten</subfield>
            <subfield code="9">(DE-588)2028840-2</subfield>
          </datafield>
          <datafield tag="PKO" ind1="-" ind2="1">
            <subfield code="k">Präsidentin</subfield>
            <subfield code="h">Deutschland, Bundesrepublik, Bundestag</subfield>
            <subfield code="9">(DE-588)2028840-2</subfield>
          </datafield>
          <datafield tag="PKO" ind1="-" ind2="1">
            <subfield code="k">Deutschland</subfield>
            <subfield code="h">Bundesrepublik</subfield>
            <subfield code="b">Bundestag</subfield>
            <subfield code="b">Press and Information Centre</subfield>
            <subfield code="9">(DE-588)2028840-2</subfield>
          </datafield>
          <datafield tag="PKO" ind1="-" ind2="1">
            <subfield code="k">Press and Information Centre</subfield>
            <subfield code="h">Deutschland, Bundesrepublik, Bundestag</subfield>
            <subfield code="9">(DE-588)2028840-2</subfield>
          </datafield>
          <datafield tag="PKO" ind1="-" ind2="1">
            <subfield code="k">Deutschland</subfield>
            <subfield code="h">Bundesrepublik</subfield>
            <subfield code="b">Bundestag</subfield>
            <subfield code="b">Centre de Presse et d'Information</subfield>
            <subfield code="9">(DE-588)2028840-2</subfield>
          </datafield>
          <datafield tag="PKO" ind1="-" ind2="1">
            <subfield code="k">Centre de Presse et d'Information</subfield>
            <subfield code="h">Deutschland, Bundesrepublik, Bundestag</subfield>
            <subfield code="9">(DE-588)2028840-2</subfield>
          </datafield>
          <datafield tag="PKO" ind1="-" ind2="1">
            <subfield code="k">Deutschland</subfield>
            <subfield code="h">Bundesrepublik</subfield>
            <subfield code="b">Bundestag</subfield>
            <subfield code="b">Centro de Prensa e Información</subfield>
            <subfield code="9">(DE-588)2028840-2</subfield>
          </datafield>
          <datafield tag="PKO" ind1="-" ind2="1">
            <subfield code="k">Centro de Prensa e Información</subfield>
            <subfield code="h">Deutschland, Bundesrepublik, Bundestag</subfield>
            <subfield code="9">(DE-588)2028840-2</subfield>
          </datafield>
          <datafield tag="PKO" ind1="-" ind2="1">
            <subfield code="k">Deutschland</subfield>
            <subfield code="h">Bundesrepublik</subfield>
            <subfield code="b">Bundestag</subfield>
            <subfield code="b">Public Relations Section</subfield>
            <subfield code="9">(DE-588)2028840-2</subfield>
          </datafield>
          <datafield tag="PKO" ind1="-" ind2="1">
            <subfield code="k">Deutschland</subfield>
            <subfield code="h">Bundesrepublik</subfield>
            <subfield code="b">Bundestag</subfield>
            <subfield code="b">Bureau des Relations Publiques</subfield>
            <subfield code="9">(DE-588)2028840-2</subfield>
          </datafield>
          <datafield tag="PKO" ind1="-" ind2="1">
            <subfield code="k">Deutschland</subfield>
            <subfield code="h">Bundesrepublik</subfield>
            <subfield code="b">Bundestag</subfield>
            <subfield code="b">Presse- und Informationszentrum</subfield>
            <subfield code="9">(DE-588)2028840-2</subfield>
          </datafield>
          <datafield tag="PKO" ind1="-" ind2="1">
            <subfield code="k">Deutschland</subfield>
            <subfield code="h">Bundesrepublik</subfield>
            <subfield code="b">Bundestag</subfield>
            <subfield code="b">Abteilung Wissenschaftliche Dokumentation</subfield>
            <subfield code="9">(DE-588)2028840-2</subfield>
          </datafield>
          <datafield tag="PKO" ind1="-" ind2="1">
            <subfield code="k">Deutschland</subfield>
            <subfield code="h">Bundesrepublik</subfield>
            <subfield code="b">Bundestag</subfield>
            <subfield code="b">Wissenschaftliche Abteilung</subfield>
            <subfield code="9">(DE-588)2028840-2</subfield>
          </datafield>
          <datafield tag="PKO" ind1="-" ind2="1">
            <subfield code="k">&lt;&lt;Der&gt;&gt; Deutsche Bundestag</subfield>
            <subfield code="9">(DE-588)2028840-2</subfield>
          </datafield>
          <datafield tag="PKO" ind1="-" ind2="1">
            <subfield code="k">Deutscher Bundestag</subfield>
            <subfield code="h">Deutschland, Bundesrepublik</subfield>
            <subfield code="9">(DE-588)2028840-2</subfield>
          </datafield>
          <datafield tag="PKO" ind1="-" ind2="1">
            <subfield code="k">Bundestag</subfield>
            <subfield code="h">Deutschland, Bundesrepublik</subfield>
            <subfield code="9">(DE-588)2028840-2</subfield>
          </datafield>
          <datafield tag="PKO" ind1="-" ind2="1">
            <subfield code="k">Deutschland</subfield>
            <subfield code="h">Bundesrepublik</subfield>
            <subfield code="b">Bundestag</subfield>
            <subfield code="b">Gruppe Datenverarbeitung</subfield>
            <subfield code="9">(DE-588)2028840-2</subfield>
          </datafield>
          <datafield tag="PKO" ind1="-" ind2="1">
            <subfield code="k">Deutschland</subfield>
            <subfield code="h">Bundesrepublik</subfield>
            <subfield code="b">Bundestag</subfield>
            <subfield code="b">Referat Öffentlichkeitsarbeit</subfield>
            <subfield code="9">(DE-588)2028840-2</subfield>
          </datafield>
          <datafield tag="PKO" ind1="-" ind2="1">
            <subfield code="k">Deutschland</subfield>
            <subfield code="h">Bundesrepublik</subfield>
            <subfield code="b">Parlament</subfield>
            <subfield code="9">(DE-588)2028840-2</subfield>
          </datafield>
          <datafield tag="PKO" ind1="-" ind2="1">
            <subfield code="k">Parlament</subfield>
            <subfield code="h">Deutschland, Bundesrepublik</subfield>
            <subfield code="9">(DE-588)2028840-2</subfield>
          </datafield>
          <datafield tag="PKO" ind1="-" ind2="1">
            <subfield code="k">Presse- und Informationszentrum</subfield>
            <subfield code="h">Deutschland, Bundesrepublik, Bundestag</subfield>
            <subfield code="9">(DE-588)2028840-2</subfield>
          </datafield>
          <datafield tag="PKO" ind1="-" ind2="1">
            <subfield code="k">Deutschland</subfield>
            <subfield code="h">Bundesrepublik</subfield>
            <subfield code="b">Bundestag</subfield>
            <subfield code="b">Verwaltung</subfield>
            <subfield code="9">(DE-588)2028840-2</subfield>
          </datafield>
          <datafield tag="PKO" ind1="-" ind2="1">
            <subfield code="k">Gruppe Datenverarbeitung</subfield>
            <subfield code="h">Deutschland, Bundesrepublik, Bundestag</subfield>
            <subfield code="9">(DE-588)2028840-2</subfield>
          </datafield>
          <datafield tag="PKO" ind1="-" ind2="1">
            <subfield code="k">Deutschland</subfield>
            <subfield code="h">Bundesrepublik</subfield>
            <subfield code="b">Bundestag</subfield>
            <subfield code="b">Wissenschaftliche Dienste</subfield>
            <subfield code="9">(DE-588)2028840-2</subfield>
          </datafield>
          <datafield tag="PKO" ind1="-" ind2="1">
            <subfield code="k">Deutschland</subfield>
            <subfield code="h">Bundesrepublik</subfield>
            <subfield code="b">Bundestag</subfield>
            <subfield code="b">Referat Pressedokumentation</subfield>
            <subfield code="9">(DE-588)2028840-2</subfield>
          </datafield>
          <datafield tag="PKO" ind1="-" ind2="1">
            <subfield code="k">Deutschland</subfield>
            <subfield code="h">Bundesrepublik</subfield>
            <subfield code="b">Bundestag</subfield>
            <subfield code="b">Präsidentin</subfield>
            <subfield code="9">(DE-588)2028840-2</subfield>
          </datafield>
          <datafield tag="PKO" ind1="-" ind2="1">
            <subfield code="k">Deutschland</subfield>
            <subfield code="h">Bundesrepublik</subfield>
            <subfield code="b">Bundestag</subfield>
            <subfield code="b">Referat Zeitgeschichte und Allgemeine Politik</subfield>
            <subfield code="9">(DE-588)2028840-2</subfield>
          </datafield>
          <datafield tag="PKO" ind1="-" ind2="1">
            <subfield code="k">Wissenschaftliche Dienste</subfield>
            <subfield code="h">Deutschland, Bundesrepublik, Bundestag</subfield>
            <subfield code="9">(DE-588)2028840-2</subfield>
          </datafield>
          <datafield tag="PKO" ind1="-" ind2="1">
            <subfield code="k">Deutschland</subfield>
            <subfield code="h">Bundesrepublik</subfield>
            <subfield code="b">Bundestag</subfield>
            <subfield code="b">Hauptabteilung Wissenschaftliche Dienste</subfield>
            <subfield code="9">(DE-588)2028840-2</subfield>
          </datafield>
          <datafield tag="PKO" ind1="-" ind2="1">
            <subfield code="k">German Bundestag</subfield>
            <subfield code="h">Deutschland, Bundesrepublik</subfield>
            <subfield code="9">(DE-588)2028840-2</subfield>
          </datafield>
          <datafield tag="PKO" ind1="-" ind2="1">
            <subfield code="k">Bundestag Alemàn</subfield>
            <subfield code="h">Deutschland, Bundesrepublik</subfield>
            <subfield code="9">(DE-588)2028840-2</subfield>
          </datafield>
          <datafield tag="PKO" ind1="-" ind2="1">
            <subfield code="k">Deutschland</subfield>
            <subfield code="h">Bundesrepublik</subfield>
            <subfield code="b">Bundestag</subfield>
            <subfield code="b">Pressezentrum</subfield>
            <subfield code="9">(DE-588)2028840-2</subfield>
          </datafield>
          <datafield tag="PKO" ind1="-" ind2="1">
            <subfield code="k">Pressezentrum</subfield>
            <subfield code="h">Deutschland, Bundesrepublik, Bundestag</subfield>
            <subfield code="9">(DE-588)2028840-2</subfield>
          </datafield>
          <datafield tag="PKO" ind1="-" ind2="1">
            <subfield code="k">Deutschland</subfield>
            <subfield code="h">Bundesrepublik</subfield>
            <subfield code="b">Bundestag</subfield>
            <subfield code="b">Referat Interparlamentarische Angelegenheiten</subfield>
            <subfield code="9">(DE-588)2028840-2</subfield>
          </datafield>
          <datafield tag="PKO" ind1="-" ind2="1">
            <subfield code="k">Präsidentin</subfield>
            <subfield code="h">Deutschland, Bundesrepublik, Bundestag</subfield>
            <subfield code="9">(DE-588)2028840-2</subfield>
          </datafield>
          <datafield tag="PKO" ind1="-" ind2="1">
            <subfield code="k">Deutschland</subfield>
            <subfield code="h">Bundesrepublik</subfield>
            <subfield code="b">Bundestag</subfield>
            <subfield code="b">Press and Information Centre</subfield>
            <subfield code="9">(DE-588)2028840-2</subfield>
          </datafield>
          <datafield tag="PKO" ind1="-" ind2="1">
            <subfield code="k">Press and Information Centre</subfield>
            <subfield code="h">Deutschland, Bundesrepublik, Bundestag</subfield>
            <subfield code="9">(DE-588)2028840-2</subfield>
          </datafield>
          <datafield tag="PKO" ind1="-" ind2="1">
            <subfield code="k">Deutschland</subfield>
            <subfield code="h">Bundesrepublik</subfield>
            <subfield code="b">Bundestag</subfield>
            <subfield code="b">Centre de Presse et d'Information</subfield>
            <subfield code="9">(DE-588)2028840-2</subfield>
          </datafield>
          <datafield tag="PKO" ind1="-" ind2="1">
            <subfield code="k">Centre de Presse et d'Information</subfield>
            <subfield code="h">Deutschland, Bundesrepublik, Bundestag</subfield>
            <subfield code="9">(DE-588)2028840-2</subfield>
          </datafield>
          <datafield tag="PKO" ind1="-" ind2="1">
            <subfield code="k">Deutschland</subfield>
            <subfield code="h">Bundesrepublik</subfield>
            <subfield code="b">Bundestag</subfield>
            <subfield code="b">Centro de Prensa e Información</subfield>
            <subfield code="9">(DE-588)2028840-2</subfield>
          </datafield>
          <datafield tag="PKO" ind1="-" ind2="1">
            <subfield code="k">Centro de Prensa e Información</subfield>
            <subfield code="h">Deutschland, Bundesrepublik, Bundestag</subfield>
            <subfield code="9">(DE-588)2028840-2</subfield>
          </datafield>
          <datafield tag="PKO" ind1="-" ind2="1">
            <subfield code="k">Deutschland</subfield>
            <subfield code="h">Bundesrepublik</subfield>
            <subfield code="b">Bundestag</subfield>
            <subfield code="b">Public Relations Section</subfield>
            <subfield code="9">(DE-588)2028840-2</subfield>
          </datafield>
          <datafield tag="PKO" ind1="-" ind2="1">
            <subfield code="k">Deutschland</subfield>
            <subfield code="h">Bundesrepublik</subfield>
            <subfield code="b">Bundestag</subfield>
            <subfield code="b">Bureau des Relations Publiques</subfield>
            <subfield code="9">(DE-588)2028840-2</subfield>
          </datafield>
          <datafield tag="PLK" ind1=" " ind2=" ">
            <subfield code="a">PAR</subfield>
            <subfield code="l">PAD01</subfield>
            <subfield code="b">001584493</subfield>
            <subfield code="m">Früher unter dem Titel:^Bericht der Bundesregierung über die Lage der Familien in der Bundesrepublik Deutschland.^1968</subfield>
            <subfield code="n">Später unter dem Titel:^Familienbericht.^1975</subfield>
          </datafield>
          <datafield tag="PLK" ind1=" " ind2=" ">
            <subfield code="a">PAR</subfield>
            <subfield code="l">PAD01</subfield>
            <subfield code="b">000317558</subfield>
            <subfield code="m">Auch unter dem Titel:^Bericht der Bundesregierung über die Lage der Familien in der Bundesrepublik Deutschland.^1968</subfield>
            <subfield code="n">Auch unter dem Titel:^Familienbericht.^1975</subfield>
          </datafield>
        </record>
      </metadata>
    </record>
  </ListRecords>
</OAI-PMH>
